<?xml version="1.0" encoding="UTF-8"?>
<!DOCTYPE html PUBLIC "-//W3C//DTD XHTML 1.0 Transitional//EN"
    "http://www.w3.org/TR/xhtml1/DTD/xhtml1-transitional.dtd">
<html xmlns="http://www.w3.org/1999/xhtml" xml:lang="en" lang="en">
 <head>
  <title>
</title>
<meta http-equiv="Content-Type" content="text/html;charset=utf-8" />
  <meta name='ocr-system' content='tesseract 3.04.00' />
  <meta name='ocr-capabilities' content='ocr_page ocr_carea ocr_par ocr_line ocrx_word'/>
</head>
<body>
  <div class='ocr_page' id='page_1' title='image "./povidiinasoniso07ovidgoog_0073.png"; bbox 0 0 2034 3709; ppageno 0'>
   <div class='ocr_carea' id='block_1_1' title="bbox 197 211 798 311">
    <p class='ocr_par' dir='ltr' id='par_1_1' title="bbox 197 211 798 313">
     <span class='ocr_line' id='line_1_1' title="bbox 197 211 798 311; baseline 0.003 -26"><span class='ocrx_word' id='word_1_1' title='bbox 197 211 483 287; x_wconf 74' lang='lat' dir='ltr'>chomus.</span> <span class='ocrx_word' id='word_1_2' title='bbox 511 217 588 285; x_wconf 80' lang='lat' dir='ltr'>Er.</span> <span class='ocrx_word' id='word_1_3' title='bbox 611 218 686 287; x_wconf 86' lang='lat' dir='ltr'>XI.</span> <span class='ocrx_word' id='word_1_4' title='bbox 745 236 798 311; x_wconf 74' lang='lat'>49</span> 
     </span>
    </p>
   </div>
   <div class='ocr_carea' id='block_1_2' title="bbox 16 334 862 3026">
    <p class='ocr_par' dir='ltr' id='par_1_2' title="bbox 16 334 862 3026">
     <span class='ocr_line' id='line_1_2' title="bbox 81 334 641 401; baseline -0.005 -11"><span class='ocrx_word' id='word_1_5' title='bbox 81 334 126 390; x_wconf 78' lang='lat' dir='ltr'>Sic</span> <span class='ocrx_word' id='word_1_6' title='bbox 136 352 191 387; x_wconf 87' lang='lat' dir='ltr'>mea</span> <span class='ocrx_word' id='word_1_7' title='bbox 199 336 288 387; x_wconf 84' lang='lat' dir='ltr'>vibrari</span> <span class='ocrx_word' id='word_1_8' title='bbox 298 335 413 401; x_wconf 82' lang='lat' dir='ltr'>pallentia</span> <span class='ocrx_word' id='word_1_9' title='bbox 419 336 524 385; x_wconf 82' lang='lat' dir='ltr'>membra</span> <span class='ocrx_word' id='word_1_10' title='bbox 529 336 641 387; x_wconf 79' lang='lat' dir='ltr'>videres:</span> 
     </span>
     <span class='ocr_line' id='line_1_3' title="bbox 122 408 670 474; baseline -0.004 -14"><span class='ocrx_word' id='word_1_11' title='bbox 122 409 226 474; x_wconf 82' lang='lat' dir='ltr'>Quassus</span> <span class='ocrx_word' id='word_1_12' title='bbox 240 410 270 457; x_wconf 87' lang='lat' dir='ltr'>ab</span> <span class='ocrx_word' id='word_1_13' title='bbox 283 408 399 473; x_wconf 80' lang='lat' dir='ltr'>imposito</span> <span class='ocrx_word' id='word_1_14' title='bbox 408 424 515 473; x_wconf 87' lang='lat' dir='ltr'>corpore</span> <span class='ocrx_word' id='word_1_15' title='bbox 523 409 598 459; x_wconf 79' lang='lat' dir='ltr'>leslus</span> <span class='ocrx_word' id='word_1_16' title='bbox 607 422 670 459; x_wconf 86' lang='lat' dir='ltr'>erat.</span> 
     </span>
     <span class='ocr_line' id='line_1_4' title="bbox 84 480 686 547; baseline -0.003 -14"><span class='ocrx_word' id='word_1_17' title='bbox 84 485 178 541; x_wconf 87' lang='lat' dir='ltr'>irruit,</span> <span class='ocrx_word' id='word_1_18' title='bbox 190 482 216 533; x_wconf 89' lang='lat'>&amp;</span> <span class='ocrx_word' id='word_1_19' title='bbox 225 480 331 531; x_wconf 79' lang='lat' dir='ltr'>nostrum</span> <span class='ocrx_word' id='word_1_20' title='bbox 342 482 425 547; x_wconf 80' lang='lat' dir='ltr'>vulgat</span> <span class='ocrx_word' id='word_1_21' title='bbox 435 483 540 531; x_wconf 85' lang='lat' dir='ltr'>clamore</span> <span class='ocrx_word' id='word_1_22' title='bbox 546 483 664 547; x_wconf 90' lang='lat' dir='ltr'>pudorem</span> <span class='ocrx_word' id='word_1_23' title='bbox 675 497 686 541; x_wconf 68' lang='grc' dir='ltr'><strong>ς</strong></span> 
     </span>
     <span class='ocr_line' id='line_1_5' title="bbox 76 554 841 621; baseline 0.001 -14"><span class='ocrx_word' id='word_1_24' title='bbox 76 598 82 621; x_wconf 83' lang='grc'><strong><em>,</em></strong></span> <span class='ocrx_word' id='word_1_25' title='bbox 120 556 154 607; x_wconf 88' lang='lat' dir='ltr'>Et</span> <span class='ocrx_word' id='word_1_26' title='bbox 162 557 202 605; x_wconf 87' lang='lat' dir='ltr'>vix</span> <span class='ocrx_word' id='word_1_27' title='bbox 212 572 226 603; x_wconf 81' lang='lat' dir='ltr'>a</span> <span class='ocrx_word' id='word_1_28' title='bbox 235 554 321 603; x_wconf 88' lang='lat' dir='ltr'>misero</span> <span class='ocrx_word' id='word_1_29' title='bbox 335 554 446 605; x_wconf 85' lang='lat' dir='ltr'>continet</span> <span class='ocrx_word' id='word_1_30' title='bbox 456 570 499 605; x_wconf 88' lang='lat' dir='ltr'>ore</span> <span class='ocrx_word' id='word_1_31' title='bbox 511 572 603 605; x_wconf 80' lang='lat' dir='ltr'>manus.</span> <span class='ocrx_word' id='word_1_32' title='bbox 805 556 841 608; x_wconf 81' lang='lat'>80</span> 
     </span>
     <span class='ocr_line' id='line_1_6' title="bbox 16 627 704 695; baseline -0.004 -14"><span class='ocrx_word' id='word_1_33' title='bbox 16 662 22 673; x_wconf 58' lang='grc' dir='ltr'>ι</span> <span class='ocrx_word' id='word_1_34' title='bbox 83 630 140 695; x_wconf 86' lang='lat' dir='ltr'>lpla</span> <span class='ocrx_word' id='word_1_35' title='bbox 147 630 207 678; x_wconf 91' lang='lat' dir='ltr'>nihil</span> <span class='ocrx_word' id='word_1_36' title='bbox 215 638 303 693; x_wconf 83' lang='lat' dir='ltr'>praeter</span> <span class='ocrx_word' id='word_1_37' title='bbox 312 628 429 693; x_wconf 78' lang='lat' dir='ltr'>lacrymas</span> <span class='ocrx_word' id='word_1_38' title='bbox 439 627 577 693; x_wconf 82' lang='lat' dir='ltr'>pudibunda</span> <span class='ocrx_word' id='word_1_39' title='bbox 584 627 682 694; x_wconf 86' lang='lat' dir='ltr'>profudi</span> <span class='ocrx_word' id='word_1_40' title='bbox 694 643 704 679; x_wconf 70' lang='grc' dir='ltr'><strong>ε</strong></span> 
     </span>
     <span class='ocr_line' id='line_1_7' title="bbox 121 700 635 767; baseline 0 -16"><span class='ocrx_word' id='word_1_41' title='bbox 121 702 261 767; x_wconf 76' lang='lat' dir='ltr'>Torpuerat</span> <span class='ocrx_word' id='word_1_42' title='bbox 272 700 353 767; x_wconf 84' lang='lat' dir='ltr'>gelido</span> <span class='ocrx_word' id='word_1_43' title='bbox 363 701 443 767; x_wconf 79' lang='lat' dir='ltr'>lingua</span> <span class='ocrx_word' id='word_1_44' title='bbox 453 711 548 750; x_wconf 86' lang='lat' dir='ltr'>retenta</span> <span class='ocrx_word' id='word_1_45' title='bbox 558 715 635 751; x_wconf 85' lang='lat' dir='ltr'>metu.</span> 
     </span>
     <span class='ocr_line' id='line_1_8' title="bbox 83 773 777 844; baseline 0.009 -22"><span class='ocrx_word' id='word_1_46' title='bbox 83 774 185 841; x_wconf 68' lang='lat' dir='ltr'>lemque</span> <span class='ocrx_word' id='word_1_47' title='bbox 196 773 248 823; x_wconf 83' lang='lat' dir='ltr'>dari</span> <span class='ocrx_word' id='word_1_48' title='bbox 257 789 355 839; x_wconf 84' lang='lat' dir='ltr'>parvum</span> <span class='ocrx_word' id='word_1_49' title='bbox 364 774 512 839; x_wconf 76' lang='lat' dir='ltr'>canibusque</span> <span class='ocrx_word' id='word_1_50' title='bbox 520 776 653 843; x_wconf 80' lang='lat' dir='ltr'>avibusque</span> <span class='ocrx_word' id='word_1_51' title='bbox 661 786 777 844; x_wconf 81' lang='lat' dir='ltr'>nepotem</span> 
     </span>
     <span class='ocr_line' id='line_1_9' title="bbox 122 845 584 912; baseline -0.002 -14"><span class='ocrx_word' id='word_1_52' title='bbox 122 848 137 899; x_wconf 92' lang='lat' dir='ltr'>J</span> <span class='ocrx_word' id='word_1_53' title='bbox 139 846 226 897; x_wconf 77' lang='lat' dir='ltr'>usserat</span> <span class='ocrx_word' id='word_1_54' title='bbox 236 880 244 904; x_wconf 85' lang='lat'>‚</span> <span class='ocrx_word' id='word_1_55' title='bbox 260 847 283 895; x_wconf 91' lang='lat' dir='ltr'>in</span> <span class='ocrx_word' id='word_1_56' title='bbox 298 846 352 895; x_wconf 82' lang='lat' dir='ltr'>solis</span> <span class='ocrx_word' id='word_1_57' title='bbox 362 845 503 912; x_wconf 84' lang='lat' dir='ltr'>destituique</span> <span class='ocrx_word' id='word_1_58' title='bbox 513 849 584 898; x_wconf 82' lang='lat' dir='ltr'>locis.</span> 
     </span>
     <span class='ocr_line' id='line_1_10' title="bbox 84 918 839 989; baseline 0.003 -18"><span class='ocrx_word' id='word_1_59' title='bbox 84 922 191 989; x_wconf 80' lang='lat' dir='ltr'>Vagitus</span> <span class='ocrx_word' id='word_1_60' title='bbox 201 920 269 970; x_wconf 79' lang='lat' dir='ltr'>dech&#39;t</span> <span class='ocrx_word' id='word_1_61' title='bbox 277 919 319 968; x_wconf 89' lang='lat' dir='ltr'>ille</span> <span class='ocrx_word' id='word_1_62' title='bbox 328 919 397 969; x_wconf 85' lang='lat' dir='ltr'>miser</span> <span class='ocrx_word' id='word_1_63' title='bbox 409 936 416 977; x_wconf 68' lang='grc' dir='ltr'><strong>ς</strong></span> <span class='ocrx_word' id='word_1_64' title='bbox 428 918 523 971; x_wconf 82' lang='lat' dir='ltr'>sensisse</span> <span class='ocrx_word' id='word_1_65' title='bbox 531 932 628 987; x_wconf 84' lang='lat' dir='ltr'>putares</span> <span class='ocrx_word' id='word_1_66' title='bbox 640 939 648 973; x_wconf 90' lang='lat'><strong>:</strong></span> <span class='ocrx_word' id='word_1_67' title='bbox 804 923 839 987; x_wconf 84' lang='lat'>85</span> 
     </span>
     <span class='ocr_line' id='line_1_11' title="bbox 122 992 704 1061; baseline 0.005 -18"><span class='ocrx_word' id='word_1_68' title='bbox 122 994 228 1059; x_wconf 71' lang='lat' dir='ltr'>Quique</span> <span class='ocrx_word' id='word_1_69' title='bbox 238 992 302 1043; x_wconf 90' lang='lat' dir='ltr'>suum</span> <span class='ocrx_word' id='word_1_70' title='bbox 313 1004 409 1057; x_wconf 87' lang='lat' dir='ltr'>poterat</span> <span class='ocrx_word' id='word_1_71' title='bbox 419 1008 497 1051; x_wconf 77' lang='lat' dir='ltr'>voce,</span> <span class='ocrx_word' id='word_1_72' title='bbox 511 996 613 1061; x_wconf 79' lang='lat' dir='ltr'>rogabat</span> <span class='ocrx_word' id='word_1_73' title='bbox 621 1013 704 1050; x_wconf 82' lang='lat' dir='ltr'>avum.</span> 
     </span>
     <span class='ocr_line' id='line_1_12' title="bbox 84 1066 721 1133; baseline 0.005 -17"><span class='ocrx_word' id='word_1_74' title='bbox 84 1066 154 1133; x_wconf 86' lang='lat' dir='ltr'>Quid</span> <span class='ocrx_word' id='word_1_75' title='bbox 162 1066 219 1116; x_wconf 87' lang='lat' dir='ltr'>mihi</span> <span class='ocrx_word' id='word_1_76' title='bbox 233 1078 290 1115; x_wconf 87' lang='lat' dir='ltr'>tunc</span> <span class='ocrx_word' id='word_1_77' title='bbox 298 1066 369 1115; x_wconf 86' lang='lat' dir='ltr'>animi</span> <span class='ocrx_word' id='word_1_78' title='bbox 378 1067 463 1115; x_wconf 82' lang='lat' dir='ltr'>credas</span> <span class='ocrx_word' id='word_1_79' title='bbox 472 1100 481 1123; x_wconf 84' lang='lat'>,</span> <span class='ocrx_word' id='word_1_80' title='bbox 491 1082 605 1133; x_wconf 78' lang='lat' dir='ltr'>germane</span> <span class='ocrx_word' id='word_1_81' title='bbox 616 1100 623 1125; x_wconf 87' lang='lat'>,</span> <span class='ocrx_word' id='word_1_82' title='bbox 633 1070 698 1119; x_wconf 77' lang='lat' dir='ltr'>fuisse</span> <span class='ocrx_word' id='word_1_83' title='bbox 709 1086 721 1129; x_wconf 70' lang='grc' dir='ltr'><strong><em>ς</em></strong></span> 
     </span>
     <span class='ocr_line' id='line_1_13' title="bbox 123 1138 675 1208; baseline 0.002 -20"><span class='ocrx_word' id='word_1_84' title='bbox 123 1138 135 1204; x_wconf 92' lang='grc'>(</span> <span class='ocrx_word' id='word_1_85' title='bbox 146 1142 208 1189; x_wconf 82' lang='lat' dir='ltr'>Nam</span> <span class='ocrx_word' id='word_1_86' title='bbox 217 1151 289 1205; x_wconf 80' lang='lat' dir='ltr'>potes</span> <span class='ocrx_word' id='word_1_87' title='bbox 299 1155 329 1188; x_wconf 83' lang='lat' dir='ltr'>ex</span> <span class='ocrx_word' id='word_1_88' title='bbox 339 1139 417 1188; x_wconf 91' lang='lat' dir='ltr'>animo</span> <span class='ocrx_word' id='word_1_89' title='bbox 426 1140 543 1207; x_wconf 83' lang='lat' dir='ltr'>colligere</span> <span class='ocrx_word' id='word_1_90' title='bbox 550 1140 599 1205; x_wconf 89' lang='lat' dir='ltr'>ipse</span> <span class='ocrx_word' id='word_1_91' title='bbox 607 1152 653 1190; x_wconf 87' lang='lat' dir='ltr'>tuo</span> <span class='ocrx_word' id='word_1_92' title='bbox 663 1144 675 1208; x_wconf 94' lang='lat'>)</span> 
     </span>
     <span class='ocr_line' id='line_1_14' title="bbox 85 1211 685 1282; baseline 0.003 -19"><span class='ocrx_word' id='word_1_93' title='bbox 85 1211 148 1263; x_wconf 78' lang='lat' dir='ltr'>clm</span> <span class='ocrx_word' id='word_1_94' title='bbox 158 1230 213 1262; x_wconf 82' lang='lat' dir='ltr'>mea</span> <span class='ocrx_word' id='word_1_95' title='bbox 224 1228 278 1270; x_wconf 90' lang='lat' dir='ltr'>,me</span> <span class='ocrx_word' id='word_1_96' title='bbox 289 1227 383 1270; x_wconf 81' lang='lat' dir='ltr'>coram,</span> <span class='ocrx_word' id='word_1_97' title='bbox 391 1213 462 1263; x_wconf 81' lang='lat' dir='ltr'>silvas</span> <span class='ocrx_word' id='word_1_98' title='bbox 473 1212 582 1282; x_wconf 79' lang='lat' dir='ltr'>inimicus</span> <span class='ocrx_word' id='word_1_99' title='bbox 592 1214 617 1263; x_wconf 93' lang='lat' dir='ltr'>in</span> <span class='ocrx_word' id='word_1_100' title='bbox 625 1215 685 1266; x_wconf 78' lang='lat' dir='ltr'>altas</span> 
     </span>
     <span class='ocr_line' id='line_1_15' title="bbox 120 1284 838 1354; baseline 0.001 -18"><span class='ocrx_word' id='word_1_101' title='bbox 120 1284 222 1337; x_wconf 82' lang='lat' dir='ltr'>Viscera</span> <span class='ocrx_word' id='word_1_102' title='bbox 229 1284 346 1335; x_wconf 84' lang='lat' dir='ltr'>montanis</span> <span class='ocrx_word' id='word_1_103' title='bbox 357 1285 433 1335; x_wconf 84' lang='lat' dir='ltr'>ferret</span> <span class='ocrx_word' id='word_1_104' title='bbox 444 1285 537 1335; x_wconf 80' lang='lat' dir='ltr'>edenda</span> <span class='ocrx_word' id='word_1_105' title='bbox 546 1286 629 1352; x_wconf 77' lang='lat' dir='ltr'>lupis?</span> <span class='ocrx_word' id='word_1_106' title='bbox 800 1298 838 1354; x_wconf 76' lang='lat'>90</span> 
     </span>
     <span class='ocr_line' id='line_1_16' title="bbox 84 1358 693 1429; baseline 0.002 -20"><span class='ocrx_word' id='word_1_107' title='bbox 84 1358 185 1409; x_wconf 85' lang='lat' dir='ltr'>Exierat</span> <span class='ocrx_word' id='word_1_108' title='bbox 193 1358 299 1408; x_wconf 81' lang='lat' dir='ltr'>thalamo</span> <span class='ocrx_word' id='word_1_109' title='bbox 310 1374 318 1407; x_wconf 76' lang='lat' dir='ltr'>z</span> <span class='ocrx_word' id='word_1_110' title='bbox 329 1370 387 1407; x_wconf 90' lang='lat' dir='ltr'>tunc</span> <span class='ocrx_word' id='word_1_111' title='bbox 398 1358 493 1407; x_wconf 89' lang='lat' dir='ltr'>demum</span> <span class='ocrx_word' id='word_1_112' title='bbox 505 1358 602 1425; x_wconf 78' lang='lat' dir='ltr'>peslora</span> <span class='ocrx_word' id='word_1_113' title='bbox 613 1358 693 1429; x_wconf 82' lang='lat' dir='ltr'>plangi</span> 
     </span>
     <span class='ocr_line' id='line_1_17' title="bbox 123 1422 676 1500; baseline 0.007 -19"><span class='ocrx_word' id='word_1_114' title='bbox 123 1422 252 1499; x_wconf 78' lang='lat' dir='ltr'>contigit,</span> <span class='ocrx_word' id='word_1_115' title='bbox 263 1432 335 1498; x_wconf 89' lang='lat' dir='ltr'>inque</span> <span class='ocrx_word' id='word_1_116' title='bbox 344 1446 410 1481; x_wconf 77' lang='lat' dir='ltr'>meae</span> <span class='ocrx_word' id='word_1_117' title='bbox 419 1432 538 1500; x_wconf 77' lang='lat' dir='ltr'>unguibus</span> <span class='ocrx_word' id='word_1_118' title='bbox 546 1432 582 1482; x_wconf 89' lang='lat' dir='ltr'>ire</span> <span class='ocrx_word' id='word_1_119' title='bbox 591 1448 676 1499; x_wconf 79' lang='lat' dir='ltr'>genas.</span> 
     </span>
     <span class='ocr_line' id='line_1_18' title="bbox 85 1505 772 1573; baseline 0 -17"><span class='ocrx_word' id='word_1_120' title='bbox 85 1505 380 1571; x_wconf 78' lang='lat' dir='ltr'>Intereapatrius‚vultu</span> <span class='ocrx_word' id='word_1_121' title='bbox 390 1516 523 1565; x_wconf 77' lang='lat' dir='ltr'>merente,</span> <span class='ocrx_word' id='word_1_122' title='bbox 536 1506 632 1557; x_wconf 77' lang='lat' dir='ltr'>satelles</span> <span class='ocrx_word' id='word_1_123' title='bbox 768 1563 772 1573; x_wconf 28' lang='grc'>1</span> 
     </span>
     <span class='ocr_line' id='line_1_19' title="bbox 121 1576 688 1647; baseline -0.005 -16"><span class='ocrx_word' id='word_1_124' title='bbox 121 1576 200 1631; x_wconf 78' lang='lat' dir='ltr'>Venit</span> <span class='ocrx_word' id='word_1_125' title='bbox 209 1612 218 1638; x_wconf 89' lang='lat'>,</span> <span class='ocrx_word' id='word_1_126' title='bbox 228 1578 253 1629; x_wconf 74' lang='grc' dir='ltr'>ὃ(</span> <span class='ocrx_word' id='word_1_127' title='bbox 264 1577 375 1647; x_wconf 77' lang='lat' dir='ltr'>indignos</span> <span class='ocrx_word' id='word_1_128' title='bbox 386 1578 461 1626; x_wconf 87' lang='lat' dir='ltr'>edidit</span> <span class='ocrx_word' id='word_1_129' title='bbox 471 1594 514 1627; x_wconf 88' lang='lat' dir='ltr'>ore</span> <span class='ocrx_word' id='word_1_130' title='bbox 523 1577 611 1629; x_wconf 83' lang='lat' dir='ltr'>sonos:</span> <span class='ocrx_word' id='word_1_131' title='bbox 685 1588 688 1591; x_wconf 84' lang='grc'><strong>’</strong></span> 
     </span>
     <span class='ocr_line' id='line_1_20' title="bbox 84 1648 837 1722; baseline 0.003 -20"><span class='ocrx_word' id='word_1_132' title='bbox 84 1648 173 1702; x_wconf 83' lang='lat' dir='ltr'>AEolus</span> <span class='ocrx_word' id='word_1_133' title='bbox 182 1652 247 1717; x_wconf 82' lang='lat' dir='ltr'>hunc</span> <span class='ocrx_word' id='word_1_134' title='bbox 257 1650 338 1701; x_wconf 83' lang='lat' dir='ltr'>ensem</span> <span class='ocrx_word' id='word_1_135' title='bbox 344 1650 416 1701; x_wconf 87' lang='lat' dir='ltr'>mittit</span> <span class='ocrx_word' id='word_1_136' title='bbox 424 1651 469 1701; x_wconf 87' lang='lat' dir='ltr'>tibi</span> <span class='ocrx_word' id='word_1_137' title='bbox 479 1665 488 1701; x_wconf 81' lang='lat' dir='ltr'>t</span> <span class='ocrx_word' id='word_1_138' title='bbox 497 1648 508 1715; x_wconf 91' lang='lat'>(</span> <span class='ocrx_word' id='word_1_139' title='bbox 516 1652 613 1702; x_wconf 82' lang='lat' dir='ltr'>tradidit</span> <span class='ocrx_word' id='word_1_140' title='bbox 619 1650 729 1722; x_wconf 70' lang='lat' dir='ltr'>ensem)</span> <span class='ocrx_word' id='word_1_141' title='bbox 803 1663 837 1717; x_wconf 83' lang='lat'>95</span> 
     </span>
     <span class='ocr_line' id='line_1_21' title="bbox 121 1723 649 1791; baseline 0.004 -17"><span class='ocrx_word' id='word_1_142' title='bbox 121 1724 154 1774; x_wconf 89' lang='lat' dir='ltr'>Et</span> <span class='ocrx_word' id='word_1_143' title='bbox 161 1723 233 1791; x_wconf 80' lang='lat' dir='ltr'>jubet</span> <span class='ocrx_word' id='word_1_144' title='bbox 243 1740 274 1773; x_wconf 86' lang='lat' dir='ltr'>ex</span> <span class='ocrx_word' id='word_1_145' title='bbox 284 1724 371 1773; x_wconf 91' lang='lat' dir='ltr'>merito</span> <span class='ocrx_word' id='word_1_146' title='bbox 382 1724 442 1774; x_wconf 87' lang='lat' dir='ltr'>scire</span> <span class='ocrx_word' id='word_1_147' title='bbox 459 1724 515 1791; x_wconf 89' lang='lat' dir='ltr'>quid</span> <span class='ocrx_word' id='word_1_148' title='bbox 524 1723 567 1773; x_wconf 81' lang='lat' dir='ltr'>iste</span> <span class='ocrx_word' id='word_1_149' title='bbox 579 1726 649 1776; x_wconf 84' lang='lat' dir='ltr'>velit.</span> 
     </span>
     <span class='ocr_line' id='line_1_22' title="bbox 86 1797 657 1858; baseline 0 -10"><span class='ocrx_word' id='word_1_150' title='bbox 86 1798 196 1858; x_wconf 83' lang='lat' dir='ltr'>Scimus,</span> <span class='ocrx_word' id='word_1_151' title='bbox 209 1797 236 1849; x_wconf 77' lang='grc' dir='ltr'>δι</span> <span class='ocrx_word' id='word_1_152' title='bbox 245 1808 342 1849; x_wconf 88' lang='lat' dir='ltr'>utemur</span> <span class='ocrx_word' id='word_1_153' title='bbox 349 1797 459 1847; x_wconf 83' lang='lat' dir='ltr'>violento</span> <span class='ocrx_word' id='word_1_154' title='bbox 470 1798 568 1847; x_wconf 85' lang='lat' dir='ltr'>sortiter</span> <span class='ocrx_word' id='word_1_155' title='bbox 581 1799 657 1848; x_wconf 73' lang='lat' dir='ltr'>enset</span> 
     </span>
     <span class='ocr_line' id='line_1_23' title="bbox 122 1870 640 1936; baseline -0.002 -15"><span class='ocrx_word' id='word_1_156' title='bbox 122 1870 263 1921; x_wconf 68' lang='lat' dir='ltr'>Pectoribus</span> <span class='ocrx_word' id='word_1_157' title='bbox 273 1871 374 1921; x_wconf 83' lang='lat' dir='ltr'>condam</span> <span class='ocrx_word' id='word_1_158' title='bbox 386 1870 450 1919; x_wconf 89' lang='lat' dir='ltr'>dona</span> <span class='ocrx_word' id='word_1_159' title='bbox 463 1882 563 1936; x_wconf 83' lang='lat' dir='ltr'>paterna</span> <span class='ocrx_word' id='word_1_160' title='bbox 571 1873 640 1922; x_wconf 82' lang='lat' dir='ltr'>meis.</span> 
     </span>
     <span class='ocr_line' id='line_1_24' title="bbox 85 1938 721 2012; baseline -0.006 -16"><span class='ocrx_word' id='word_1_161' title='bbox 85 1944 130 1996; x_wconf 87' lang='lat' dir='ltr'>His</span> <span class='ocrx_word' id='word_1_162' title='bbox 142 1960 195 1997; x_wconf 78' lang='lat' dir='ltr'>mea</span> <span class='ocrx_word' id='word_1_163' title='bbox 205 1942 356 2003; x_wconf 78' lang='lat' dir='ltr'>muneribus,</span> <span class='ocrx_word' id='word_1_164' title='bbox 367 1944 481 2012; x_wconf 81' lang='lat' dir='ltr'>genitor,</span> <span class='ocrx_word' id='word_1_165' title='bbox 493 1945 615 1994; x_wconf 85' lang='lat' dir='ltr'>connubia</span> <span class='ocrx_word' id='word_1_166' title='bbox 624 1938 721 1994; x_wconf 71' lang='lat' dir='ltr'>donati</span> 
     </span>
     <span class='ocr_line' id='line_1_25' title="bbox 122 2014 857 2084; baseline -0.001 -17"><span class='ocrx_word' id='word_1_167' title='bbox 122 2018 177 2067; x_wconf 84' lang='lat' dir='ltr'>Hac</span> <span class='ocrx_word' id='word_1_168' title='bbox 188 2029 230 2067; x_wconf 80' lang='lat' dir='ltr'>tua</span> <span class='ocrx_word' id='word_1_169' title='bbox 240 2016 298 2067; x_wconf 89' lang='lat' dir='ltr'>dote</span> <span class='ocrx_word' id='word_1_170' title='bbox 310 2049 318 2076; x_wconf 87' lang='lat'><strong>,</strong></span> <span class='ocrx_word' id='word_1_171' title='bbox 329 2029 412 2084; x_wconf 87' lang='lat' dir='ltr'>pater,</span> <span class='ocrx_word' id='word_1_172' title='bbox 421 2014 469 2067; x_wconf 85' lang='lat' dir='ltr'>lilia</span> <span class='ocrx_word' id='word_1_173' title='bbox 479 2016 547 2067; x_wconf 80' lang='lat' dir='ltr'>dives</span> <span class='ocrx_word' id='word_1_174' title='bbox 558 2015 622 2067; x_wconf 80' lang='lat' dir='ltr'>eriri</span> <span class='ocrx_word' id='word_1_175' title='bbox 806 2029 857 2068; x_wconf 82' lang='lat'>100</span> 
     </span>
     <span class='ocr_line' id='line_1_26' title="bbox 85 2082 748 2157; baseline -0.002 -16"><span class='ocrx_word' id='word_1_176' title='bbox 85 2092 160 2141; x_wconf 88' lang='lat' dir='ltr'>Tolle</span> <span class='ocrx_word' id='word_1_177' title='bbox 170 2092 257 2157; x_wconf 86' lang='lat' dir='ltr'>procul</span> <span class='ocrx_word' id='word_1_178' title='bbox 270 2090 374 2155; x_wconf 85' lang='lat' dir='ltr'>decepte</span> <span class='ocrx_word' id='word_1_179' title='bbox 384 2090 465 2147; x_wconf 80' lang='lat' dir='ltr'>faces,</span> <span class='ocrx_word' id='word_1_180' title='bbox 475 2082 626 2157; x_wconf 83' lang='lat' dir='ltr'>Hymenaee,</span> <span class='ocrx_word' id='word_1_181' title='bbox 634 2086 748 2147; x_wconf 56' lang='lat' dir='ltr'>maritam</span> 
     </span>
     <span class='ocr_line' id='line_1_27' title="bbox 122 2162 600 2231; baseline 0 -17"><span class='ocrx_word' id='word_1_182' title='bbox 122 2162 156 2214; x_wconf 88' lang='lat' dir='ltr'>Et</span> <span class='ocrx_word' id='word_1_183' title='bbox 166 2164 223 2231; x_wconf 83' lang='lat' dir='ltr'>fuge</span> <span class='ocrx_word' id='word_1_184' title='bbox 233 2164 330 2214; x_wconf 83' lang='lat' dir='ltr'>turbato</span> <span class='ocrx_word' id='word_1_185' title='bbox 341 2163 404 2213; x_wconf 79' lang='lat' dir='ltr'>tella</span> <span class='ocrx_word' id='word_1_186' title='bbox 412 2163 515 2212; x_wconf 81' lang='lat' dir='ltr'>nefanda</span> <span class='ocrx_word' id='word_1_187' title='bbox 525 2163 600 2229; x_wconf 83' lang='lat' dir='ltr'>pede.</span> 
     </span>
     <span class='ocr_line' id='line_1_28' title="bbox 83 2235 722 2305; baseline -0.005 -15"><span class='ocrx_word' id='word_1_188' title='bbox 83 2238 161 2290; x_wconf 83' lang='lat' dir='ltr'>Ferte</span> <span class='ocrx_word' id='word_1_189' title='bbox 170 2238 236 2288; x_wconf 82' lang='lat' dir='ltr'>seces</span> <span class='ocrx_word' id='word_1_190' title='bbox 246 2236 271 2287; x_wconf 92' lang='lat' dir='ltr'>in</span> <span class='ocrx_word' id='word_1_191' title='bbox 282 2252 320 2287; x_wconf 77' lang='lat' dir='ltr'>ine</span> <span class='ocrx_word' id='word_1_192' title='bbox 330 2270 338 2293; x_wconf 87' lang='lat'>‚</span> <span class='ocrx_word' id='word_1_193' title='bbox 349 2252 407 2302; x_wconf 81' lang='lat' dir='ltr'>quas</span> <span class='ocrx_word' id='word_1_194' title='bbox 417 2236 503 2295; x_wconf 81' lang='lat' dir='ltr'>sertis,</span> <span class='ocrx_word' id='word_1_195' title='bbox 515 2235 635 2305; x_wconf 77' lang='lat' dir='ltr'>Erinnyes</span> <span class='ocrx_word' id='word_1_196' title='bbox 643 2246 702 2288; x_wconf 81' lang='lat' dir='ltr'>atrae</span> <span class='ocrx_word' id='word_1_197' title='bbox 712 2250 722 2287; x_wconf 79' lang='lat' dir='ltr'>t</span> 
     </span>
     <span class='ocr_line' id='line_1_29' title="bbox 123 2309 586 2376; baseline 0 -15"><span class='ocrx_word' id='word_1_198' title='bbox 123 2311 160 2361; x_wconf 88' lang='lat' dir='ltr'>Ut</span> <span class='ocrx_word' id='word_1_199' title='bbox 168 2326 236 2361; x_wconf 85' lang='lat' dir='ltr'>meus</span> <span class='ocrx_word' id='word_1_200' title='bbox 249 2326 280 2359; x_wconf 85' lang='lat' dir='ltr'>ex</span> <span class='ocrx_word' id='word_1_201' title='bbox 293 2309 336 2359; x_wconf 86' lang='lat' dir='ltr'>islo</span> <span class='ocrx_word' id='word_1_202' title='bbox 346 2311 427 2359; x_wconf 83' lang='lat' dir='ltr'>luceat</span> <span class='ocrx_word' id='word_1_203' title='bbox 435 2310 490 2376; x_wconf 80' lang='lat' dir='ltr'>igne</span> <span class='ocrx_word' id='word_1_204' title='bbox 502 2326 586 2376; x_wconf 76' lang='lat' dir='ltr'>rogus.</span> 
     </span>
     <span class='ocr_line' id='line_1_30' title="bbox 85 2381 855 2444; baseline -0.005 -9"><span class='ocrx_word' id='word_1_205' title='bbox 85 2384 179 2435; x_wconf 87' lang='lat' dir='ltr'>Nubite</span> <span class='ocrx_word' id='word_1_206' title='bbox 187 2384 290 2441; x_wconf 77' lang='lat' dir='ltr'>felices,</span> <span class='ocrx_word' id='word_1_207' title='bbox 301 2381 376 2431; x_wconf 73' lang='lat' dir='ltr'>Parti</span> <span class='ocrx_word' id='word_1_208' title='bbox 385 2383 501 2443; x_wconf 88' lang='lat' dir='ltr'>meliore,</span> <span class='ocrx_word' id='word_1_209' title='bbox 514 2383 609 2433; x_wconf 73' lang='lat' dir='ltr'>sorores</span> <span class='ocrx_word' id='word_1_210' title='bbox 621 2398 631 2433; x_wconf 71' lang='lat' dir='ltr'>a</span> <span class='ocrx_word' id='word_1_211' title='bbox 803 2394 838 2433; x_wconf 83' lang='grc' dir='ltr'>ιο</span> <span class='ocrx_word' id='word_1_212' title='bbox 842 2395 855 2444; x_wconf 86' lang='lat'>5</span> 
     </span>
     <span class='ocr_line' id='line_1_31' title="bbox 122 2454 626 2507; baseline -0.004 0"><span class='ocrx_word' id='word_1_213' title='bbox 122 2456 228 2507; x_wconf 78' lang='lat' dir='ltr'>Admissi</span> <span class='ocrx_word' id='word_1_214' title='bbox 236 2471 355 2505; x_wconf 80' lang='lat' dir='ltr'>memores</span> <span class='ocrx_word' id='word_1_215' title='bbox 366 2456 407 2507; x_wconf 89' lang='lat' dir='ltr'>sed</span> <span class='ocrx_word' id='word_1_216' title='bbox 416 2466 497 2505; x_wconf 86' lang='lat' dir='ltr'>tamen</span> <span class='ocrx_word' id='word_1_217' title='bbox 507 2454 555 2505; x_wconf 86' lang='lat' dir='ltr'>este</span> <span class='ocrx_word' id='word_1_218' title='bbox 567 2456 626 2505; x_wconf 81' lang='lat' dir='ltr'>mei.</span> 
     </span>
     <span class='ocr_line' id='line_1_32' title="bbox 84 2524 687 2597; baseline -0.005 -17"><span class='ocrx_word' id='word_1_219' title='bbox 84 2529 156 2595; x_wconf 86' lang='lat' dir='ltr'>Quid</span> <span class='ocrx_word' id='word_1_220' title='bbox 166 2546 227 2597; x_wconf 84' lang='lat' dir='ltr'>puer</span> <span class='ocrx_word' id='word_1_221' title='bbox 236 2529 344 2587; x_wconf 73' lang='lat' dir='ltr'>admisit,</span> <span class='ocrx_word' id='word_1_222' title='bbox 356 2542 406 2578; x_wconf 84' lang='lat' dir='ltr'>tam</span> <span class='ocrx_word' id='word_1_223' title='bbox 419 2528 502 2594; x_wconf 85' lang='lat' dir='ltr'>paucis</span> <span class='ocrx_word' id='word_1_224' title='bbox 511 2529 590 2579; x_wconf 79' lang='lat' dir='ltr'>editus</span> <span class='ocrx_word' id='word_1_225' title='bbox 598 2524 687 2578; x_wconf 78' lang='lat' dir='ltr'>herisi</span> 
     </span>
     <span class='ocr_line' id='line_1_33' title="bbox 124 2598 669 2667; baseline -0.006 -14"><span class='ocrx_word' id='word_1_226' title='bbox 124 2603 184 2667; x_wconf 89' lang='lat' dir='ltr'>Quo</span> <span class='ocrx_word' id='word_1_227' title='bbox 195 2602 255 2653; x_wconf 73' lang='lat' dir='ltr'>lesit</span> <span class='ocrx_word' id='word_1_228' title='bbox 264 2601 327 2653; x_wconf 76' lang='lat' dir='ltr'>iasio</span> <span class='ocrx_word' id='word_1_229' title='bbox 336 2635 345 2660; x_wconf 81' lang='lat'>,</span> <span class='ocrx_word' id='word_1_230' title='bbox 354 2601 395 2651; x_wconf 81' lang='lat' dir='ltr'>vix</span> <span class='ocrx_word' id='word_1_231' title='bbox 407 2603 468 2651; x_wconf 83' lang='lat' dir='ltr'>bene</span> <span class='ocrx_word' id='word_1_232' title='bbox 478 2614 548 2651; x_wconf 79' lang='lat' dir='ltr'>natus</span> <span class='ocrx_word' id='word_1_233' title='bbox 558 2635 566 2660; x_wconf 92' lang='lat'>‚</span> <span class='ocrx_word' id='word_1_234' title='bbox 576 2618 647 2651; x_wconf 83' lang='lat' dir='ltr'>avum</span> <span class='ocrx_word' id='word_1_235' title='bbox 657 2598 669 2649; x_wconf 74' lang='lat' dir='ltr'>i</span> 
     </span>
     <span class='ocr_line' id='line_1_34' title="bbox 84 2672 679 2743; baseline -0.005 -16"><span class='ocrx_word' id='word_1_236' title='bbox 84 2676 112 2728; x_wconf 85' lang='lat' dir='ltr'>si</span> <span class='ocrx_word' id='word_1_237' title='bbox 122 2675 204 2743; x_wconf 88' lang='lat' dir='ltr'>potuit</span> <span class='ocrx_word' id='word_1_238' title='bbox 213 2672 322 2725; x_wconf 84' lang='lat' dir='ltr'>meruisse</span> <span class='ocrx_word' id='word_1_239' title='bbox 332 2690 417 2725; x_wconf 84' lang='lat' dir='ltr'>necem</span> <span class='ocrx_word' id='word_1_240' title='bbox 428 2708 436 2733; x_wconf 90' lang='lat'>,</span> <span class='ocrx_word' id='word_1_241' title='bbox 449 2674 559 2725; x_wconf 77' lang='lat' dir='ltr'>meruisse</span> <span class='ocrx_word' id='word_1_242' title='bbox 568 2684 679 2740; x_wconf 87' lang='lat' dir='ltr'>putetur.</span> 
     </span>
     <span class='ocr_line' id='line_1_35' title="bbox 124 2740 862 2814; baseline -0.001 -15"><span class='ocrx_word' id='word_1_243' title='bbox 124 2749 165 2799; x_wconf 82' lang='lat' dir='ltr'>Ah</span> <span class='ocrx_word' id='word_1_244' title='bbox 177 2748 183 2799; x_wconf 94' lang='lat'><strong>!</strong></span> <span class='ocrx_word' id='word_1_245' title='bbox 195 2748 265 2799; x_wconf 86' lang='lat' dir='ltr'>miser</span> <span class='ocrx_word' id='word_1_246' title='bbox 273 2747 369 2800; x_wconf 80' lang='lat' dir='ltr'>admisso</span> <span class='ocrx_word' id='word_1_247' title='bbox 377 2740 489 2814; x_wconf 76' lang='lat' dir='ltr'>pleslit&#39;ur</span> <span class='ocrx_word' id='word_1_248' title='bbox 496 2749 538 2797; x_wconf 84' lang='lat' dir='ltr'>ille</span> <span class='ocrx_word' id='word_1_249' title='bbox 546 2764 613 2797; x_wconf 84' lang='lat' dir='ltr'>meo.</span> <span class='ocrx_word' id='word_1_250' title='bbox 807 2756 862 2799; x_wconf 76' lang='lat'>110</span> 
     </span>
     <span class='ocr_line' id='line_1_36' title="bbox 84 2820 716 2887; baseline -0.009 -12"><span class='ocrx_word' id='word_1_251' title='bbox 84 2822 153 2875; x_wconf 66' lang='lat' dir='ltr'>Nate</span> <span class='ocrx_word' id='word_1_252' title='bbox 168 2821 346 2879; x_wconf 68' lang='lat' dir='ltr'>uoluminis,</span> <span class='ocrx_word' id='word_1_253' title='bbox 356 2822 490 2887; x_wconf 70' lang='lat' dir='ltr'>rapidorum</span> <span class='ocrx_word' id='word_1_254' title='bbox 500 2820 581 2887; x_wconf 70' lang='lat' dir='ltr'>preda</span> <span class='ocrx_word' id='word_1_255' title='bbox 593 2821 716 2878; x_wconf 67' lang='lat' dir='ltr'>serarum</span> 
     </span>
     <span class='ocr_line' id='line_1_37' title="bbox 123 2894 656 2950; baseline 0.002 -5"><span class='ocrx_word' id='word_1_256' title='bbox 123 2894 174 2945; x_wconf 86' lang='lat' dir='ltr'>Hei</span> <span class='ocrx_word' id='word_1_257' title='bbox 181 2895 239 2945; x_wconf 87' lang='lat' dir='ltr'>mihi</span> <span class='ocrx_word' id='word_1_258' title='bbox 250 2895 257 2945; x_wconf 81' lang='lat' dir='ltr'>l</span> <span class='ocrx_word' id='word_1_259' title='bbox 269 2895 343 2949; x_wconf 75' lang='lat' dir='ltr'>natali</span> <span class='ocrx_word' id='word_1_260' title='bbox 350 2894 480 2950; x_wconf 79' lang='lat' dir='ltr'>dilacerate</span> <span class='ocrx_word' id='word_1_261' title='bbox 489 2906 552 2948; x_wconf 73' lang='lat' dir='ltr'>tuoe</span> <span class='ocrx_word' id='word_1_262' title='bbox 651 2930 656 2935; x_wconf 89' lang='lat'>-</span> 
     </span>
     <span class='ocr_line' id='line_1_38' title="bbox 126 2958 735 3026; baseline 0 -5"><span class='ocrx_word' id='word_1_263' title='bbox 126 2967 213 3021; x_wconf 75' lang='lat' dir='ltr'>Tomos</span> <span class='ocrx_word' id='word_1_264' title='bbox 222 2966 247 3022; x_wconf 84' lang='lat' dir='ltr'>I.</span> <span class='ocrx_word' id='word_1_265' title='bbox 709 2958 735 3026; x_wconf 70' lang='lat' dir='ltr'>,C</span> 
     </span>
    </p>
   </div>
   <div class='ocr_carea' id='block_1_3' title="bbox 0 0 1023 3709">
    <p class='ocr_par' dir='ltr' id='par_1_3' title="bbox 0 0 1023 3709">
     <span class='ocr_line' id='line_1_39' title="bbox 0 0 1023 3709; baseline 0 0"><span class='ocrx_word' id='word_1_266' title='bbox 0 0 1023 3709; x_wconf 95' lang='lat' dir='ltr'> </span> 
     </span>
    </p>
   </div>
  </div>
 </body>
</html>
