2034 3709
195 224 269 276 112
315 203 358 274 P.
384 204 569 278 Ονιυιι
593 205 821 276 Nasonis

193 325 306 377 Forsitan
320 326 373 377 bac
389 325 513 392 (peditus,
533 341 548 374 a
563 335 589 376 te
603 325 744 392 spedlabar,
757 328 877 388 Aconti;

229 398 336 466 Visaque
350 398 489 464 simplicitas
504 397 539 450 est
552 413 605 448 mea
621 399 687 465 polle
705 401 768 466 capi.

134 485 182 550 top
194 472 222 522 ln
237 474 353 537 templum
369 473 467 530 redeo,
481 471 594 540 gradibus
609 472 727 532 sublime,
745 473 857 524 Dianaet

228 545 318 595 Tu'tior
333 546 382 596 boc
397 545 481 611 ecquis
496 545 581 594 debuit
594 544 642 596 elie
657 544 750 597 locus?

192 617 302 669 Mittitur
316 631 373 668 ante
388 619 463 685 pedes
476 619 565 667 malurn
577 651 586 677 ,
600 635 656 668 cum
669 620 776 669 carmine
793 618 849 668 tali.
887 661 900 666 -
1008 644 1009 690 3

229 690 279 742 Hei
295 691 354 741 mihi
370 690 378 740 !
393 690 474 757 juravi
487 707 552 742 nunc
569 708 666 758 quoque
682 709 750 757 paene
765 692 822 742 tibi.

193 763 291 814 Sustulit
306 764 355 814 boe
370 765 471 824 nutrix,
486 765 640 830 mirataque;
657 763 781 834 Perlege,
797 763 872 817 dixit.

133 849 184 887 110
229 837 329 888 Insidias
344 837 413 906 legi,
430 854 516 906 magne
530 839 621 904 poeta,
637 850 702 889 tuas.

192 911 298 960 Nomine
314 910 422 978 conjugii
439 911 524 970 diuo,
545 910 643 961 confusa
656 910 777 978 pudore,

229 983 300 1034 Sensi
315 1000 354 1034 me
370 984 429 1036 totis
442 982 561 1036 erubuisse
576 985 666 1052 genis:

193 1055 341 1124 Luminaque
355 1057 381 1108 in
394 1058 508 1126 gremio,
525 1057 603 1110 veluti
619 1056 697 1108 defixa
708 1091 717 1118 ,
730 1057 849 1110 tenebam
863 1073 875 1116 ς

229 1130 329 1181 Lumina
343 1131 462 1198 propositi
473 1131 537 1182 'faita
552 1129 654 1180 ministra
670 1131 717 1182 tui.

134 1216 183 1264 115
195 1203 390 1272 improbe,quid
398 1202 506 1273 gaudes?
517 1217 558 1254 aut
568 1221 621 1270 quae
632 1204 675 1254 tibi
685 1202 764 1271 gloria
773 1215 846 1270 parta
857 1199 912 1253 esti
1008 1245 1009 1248 ,

172 1302 177 1311 ·
230 1275 329 1341 Quidve
343 1278 401 1336 vir,
417 1277 485 1328 elusi
500 1277 613 1344 virgine,
629 1277 706 1328 laudis
720 1277 824 1326 habes?

193 1351 252 1400 Non
267 1367 316 1418 ego
331 1350 502 1408 constiteram,
518 1349 595 1400 sumti
607 1352 699 1417 peltata
715 1350 818 1408 securi,

231 1422 317 1486 Qualis
332 1424 357 1472 in
371 1423 447 1474 Iliaco
462 1422 616 1474 Penthesilea
631 1422 695 1474 solo.

193 1495 282 1546 Nullus
296 1495 431 1547 Amazonio
446 1497 543 1547 caelatus
560 1498 653 1548 balteus
667 1512 747 1554 auro,

135 1582 185 1617 120
230 1568 299 1618 Sicut
314 1570 345 1619 ab
358 1569 494 1636 Hippolyte
508 1569 589 1636 praeda
601 1571 677 1620 relata
692 1569 737 1620 tibi
752 1566 796 1619 est.

193 1641 297 1701 Verba,
315 1641 372 1709 quid
382 1643 485 1692 exsultas
496 1675 505 1702 ‚
521 1655 563 1693 tua
574 1642 595 1692 si
606 1641 662 1692 mihi
672 1643 747 1692 verba
761 1637 911 1692 dederunt?

229 1714 335 1781 Sumque
347 1732 431 1782 parum
445 1715 551 1782 prudens
567 1728 636 1782 capta
650 1717 731 1782 puella
746 1714 810 1764 dolis
822 1713 834 1764 l

194 1787 323 1854 Cydippen
336 1805 452 1855 pomum,
473 1805 571 1854 pomum
584 1788 732 1839 Schoeneida
747 1789 828 1854 cepit.

228 1859 268 1910 Tu
282 1878 347 1911 nunc
363 1861 531 1928 Hippomenes
546 1862 637 1912 seilicet
651 1863 714 1912 alter
731 1861 791 1910 eris.

136 1947 184 1997 125
196 1931 230 1982 At
245 1933 325 1985 iuerat
339 1936 443 1994 melius,
459 1935 480 1986 si
495 1948 521 1984 te
537 1951 598 2002 puer
612 1934 653 1985 iste
668 1935 768 1984 tenebat
780 1967 788 1993 ‚

230 2006 311 2071 Quem
326 2020 354 2058 tu
370 2009 452 2061 nescio
467 2025 525 2075 quas
541 2008 601 2058 dicis
615 2008 705 2060 habere
720 2008 809 2064 faces,

192 2079 267 2130 More
282 2082 350 2132 bonis
366 2083 457 2141 solito,
473 2083 538 2148 spem
553 2098 602 2132 non
619 2095 774 2148 corrumpere
791 2079 893 2132 fraude.
911 2103 917 2110 ’

228 2153 357 2204 Exoranda
372 2155 436 2212 tibi,
456 2172 506 2205 non
523 2153 640 2222 capienda
656 2155 700 2205 lui.

194 2223 265 2284 Cur,
281 2243 320 2277 me
331 2225 385 2278 edm
394 2240 493 2295 peteres
505 2262 514 2287 ,
532 2245 562 2278 ea
574 2245 623 2280 non
635 2225 770 2294 profitenda
783 2228 889 2294 putabas
900 2257 912 2288 ‚

132 2310 182 2362 130
228 2297 332 2365 Propter
348 2318 400 2366 quae
415 2302 487 2353 nobis
501 2302 551 2368 ipse
565 2301 684 2367 petendus
700 2299 779 2352 eras?

193 2370 290 2440 Cogeqe
305 2389 349 2424 eur
363 2373 465 2439 potiris,
480 2377 552 2442 quiam
566 2375 728 2441 persuadere,
744 2369 873 2424 volebas?

226 2444 253 2494 Si
267 2457 397 2510 poteram,
414 2447 496 2498 auditi
514 2447 675 2506 conditione,
693 2447 757 2514 capi.

191 2516 259 2582 Quid
271 2520 317 2568 tibi
333 2537 396 2572 nunc
410 2521 506 2587 prodest
522 2521 616 2588 iuuandi
630 2521 733 2570 formula
746 2516 835 2586 juris?
913 2581 915 2588 y

228 2595 368 2662 Linguaque
383 2596 527 2660 praesentem
541 2593 665 2646 testificata
681 2590 784 2644 Deam?

131 2680 180 2734 135
193 2672 257 2737 Quae
271 2668 353 2735 jurat,
370 2686 438 2718 mens
454 2668 487 2718 est
502 2686 510 2718 ε
528 2669 562 2718 nil
576 2666 753 2736 conjuravimus
769 2663 822 2716 illa.

228 2745 271 2794 llla
290 2741 361 2792 fidem
377 2742 444 2791 didlis
460 2741 549 2791 addere
567 2742 616 2792 sola
634 2739 721 2809 potest.
804 2785 813 2796 ,

191 2817 325 2871 Consilium
339 2815 492 2884 prudensque
506 2815 577 2864 animi
594 2813 711 2864 sententia
727 2813 792 2882 jurat
806 2826 816 2866 t

227 2891 260 2944 Et
274 2890 320 2946 uisi
333 2888 419 2959 judicii
434 2888 531 2942 vincula
546 2889 611 2944 nulla
627 2889 721 2941 valent.
753 2951 755 2958 Α
865 2951 868 2958 Δ
