2034 3709
191 235 269 308 272
322 212 530 284 071011
555 212 809 285 NAsonrs

192 336 252 385 Non
261 350 310 402 ego
320 367 330 393 ,
340 333 406 400 quod
414 330 493 399 primd
503 367 512 391 ‚
522 332 619 383 memini
630 367 639 389 ,
650 332 745 397 sperare
757 334 867 384 solebam
879 370 893 395 ,

229 407 283 460 Jam
299 422 409 473 precor,
428 419 457 456 ut
471 405 563 471 conjux
579 420 608 455 tu
621 422 690 456 meus
706 402 753 456 effe
768 409 845 457 velis.

130 493 181 545 275
192 480 225 531 Et
238 494 342 539 umen,
357 493 386 530 ut
400 478 492 546 conjux
507 479 579 529 effem
595 492 656 537 tua,
675 480 748 547 digna
760 480 866 531 videbar
877 498 889 538 3

229 554 306 619 Quod
321 554 398 612 Dea,
415 554 481 619 quod
496 553 577 620 magni
590 552 640 601 filia
655 552 718 603 Solis
733 569 811 605 eram.

191 628 232 678 Ne
248 644 367 694 properes
381 644 426 677 oro
442 643 451 677 z
466 626 570 693 spatium'
581 643 627 693 pro
644 642 745 676 munere
761 628 864 693 posco:

228 699 297 763 Quid
310 701 388 750 mimis
403 697 482 767 optari
495 717 541 766 per
553 716 607 749 mea
621 712 680 749 von
694 700 802 765 potest?

192 775 225 824 Et
240 775 304 823 freta
319 786 387 823 mota
401 774 492 832 viden
510 774 537 827 dt
553 774 629 823 debes
643 774 684 823 illa
701 774 800 824 timere.

130 844 184 895 230
228 847 321 897 Utilior
334 848 398 901 velis
413 845 541 913 postmodo
557 859 645 897 ventus
662 846 717 896 erit.

192 918 257 984 Quae
265 920 310 971 tibi
320 921 389 970 causa
397 918 480 987 fuga?
490 936 541 969 non
550 919 591 969 hic
602 935 667 969 nova
676 918 755 985 Troja
764 916 873 989 resurgit
883 939 899 981 ς

228 995 287 1044 Non
303 994 363 1043 alius
380 993 458 1043 socios
472 992 566 1044 Rhesus
582 992 613 1042 ad
627 1009 691 1043 arma
707 1007 791 1043 vocat.

191 1064 241 1117 Hic
256 1084 342 1125 arnor,
357 1065 397 1115 hic
407 1084 455 1133 pu
468 1066 522 1124 et'l3
540 1066 564 1115 in
575 1083 620 1132 qua
630 1064 692 1115 male
706 1068 826 1117 vulneror
842 1067 912 1125 undu
1009 1114 1010 1121 ,

227 1141 343 1207 Totaque
358 1140 401 1189 lub
416 1156 494 1207 regno
510 1152 576 1189 terra
589 1138 669 1189 futura
685 1151 729 1189 tuo
746 1139 791 1191 est.

130 1207 163 1260 28
168 1224 180 1273 5
192 1214 237 1265 1112
253 1215 415 1280 loquebatur,
432 1229 519 1263 narem
535 1212 645 1263 solvebat
662 1210 779 1280 Ulyffes:

228 1287 299 1337 Irrita
316 1304 370 1338 cum
386 1287 453 1336 velis·
463 1287 539 1336 verba
553 1288 633 1336 tulere
649 1286 720 1337 Noti.

190 1359 289 1417 Ardet,
307 1361 334 1411 δι
348 1358 449 1410 είϊυεαε
465 1360 539 1410 Circe
556 1359 663 1411 decurrit
679 1360 709 1409 ad
726 1372 820 1417 arten

228 1434 283 1482 Nec
300 1446 382 1483 temen
398 1432 432 1482 est
446 1434 494 1483 illis
508 1444 649 1483 attenuatus
665 1450 744 1483 amor.

190 1506 257 1573 Ergo
267 1522 330 1573 age,
340 1506 447 1573 quisquis
458 1522 530 1573 opem
541 1506 620 1555 nostrl
630 1506 673 1555 tibi
683 1506 763 1572 poscis
774 1507 805 1557 ab
816 1518 870 1559 arte
883 1542 893 1567 ,

130 1588 182 1640 290
227 1579 309 1629 Deme
323 1578 448 1631 veneficiis
464 1580 655 1645 carminibusque
670 1578 752 1631 fidem.

191 1652 217 1703 Si
232 1663 258 1702 te
272 1653 342 1703 causa
357 1665 447 1720 potens
464 1652 561 1703 domini
574 1653 690 1703 retinebit
705 1654 729 1702 in
744 1652 815 1703 Urbe
829 1671 838 1711 ς

227 1725 341 1792 Accipe,
357 1726 483 1777 consilium
498 1726 564 1792 quod
579 1727 651 1775 sitin
666 1726 734 1777 Urbe
749 1744 844 1778 meum.

191 1799 307 1866 Optimus
322 1800 363 1849 ille
378 1800 425 1849 luit
439 1800 549 1864 vindex,
566 1799 679 1849 laedentia
694 1799 779 1865 pedlus

227 1873 334 1927 Vincula
349 1874 390 1939 qui
405 1872 490 1937 rupit,
509 1872 667 1941 dedoluitque
683 1874 768 1923 semel.

130 1953 181 2004 295
193 1946 218 1996 Si
235 1945 274 1995 cui
288 1957 382 1997 tanturn
395 1946 467 1996 animi
483 1944 538 2005 etl,
555 1946 622 1997 illuni
636 1946 740 1997 mirabor
755 1946 783 1999 δι
797 1944 876 2012 ipset

229 2018 261 2068 Et
277 2020 371 2080 dicant,
389 2018 494 2071 Monitis
508 2036 558 2070 non
575 2030 633 2088 eget
649 2018 691 2071 iste
707 2020 777 2071 meis.

193 2092 234 2142 Tu
249 2092 327 2152 mibi,
342 2093 403 2160 qui,
420 2093 487 2159 quod
502 2110 587 2151 arnas,
603 2091 668 2161 πετὲ
684 2092 785 2143 dediscis
802 2108 911 2153 amare,

230 2166 285 2215 Nec
300 2178 392 2232 potes,
409 2167 436 2217 δι
450 2166 528 2216 velles
544 2164 630 2232 polle,
648 2166 773 2217 docendus
791 2166 851 2217 eris.

193 2238 264 2304 Saepe
280 2241 346 2290 refer
361 2251 443 2291 tecum
458 2238 582 2289 scelerate
598 2238 659 2290 falla
674 2241 761 2305 puelle
772 2256 784 2297 ς

132 2318 184 2369 300
230 2312 263 2361 Et
276 2329 342 2378 pone
357 2325 414 2365 ante
431 2314 517 2363 oculos
532 2312 611 2363 omnia
627 2312 711 2361 damna
728 2325 795 2363 tuos.

195 2383 257 2435 lllud
275 2386 302 2436 ἃ
318 2386 378 2437 illud
393 2386 468 2435 habet
483 2402 491 2437 t
505 2402 553 2436 nec
570 2384 600 2435 ed
614 2396 730 2451 contenta
746 2383 833 2452 rapine

230 2458 279 2507 Sub
295 2459 393 2509 titulum
408 2458 502 2511 nostros
516 2459 581 2510 misit
597 2474 668 2509 avara
685 2459 758 2508 lares.
786 2472 789 2477 ·

194 2529 235 2581 Sic
249 2532 307 2581 mihi
322 2530 411 2597 juravit
429 2547 441 2590 t
451 2533 486 2583 sic
501 2550 541 2583 me
557 2531 635 2597 juratr
651 2531 750 2585 fefellit.

230 2604 296 2655 Ante
314 2604 377 2655 suam
392 2606 488 2671 quoties
504 2604 566 2672 palla
581 2604 663 2671 jacere
677 2602 778 2656 forem!

132 2688 166 2740 30
170 2689 182 2739 5
194 2676 282 2747 Diligit
296 2677 344 2745 ipsa
359 2678 420 2729 alios
436 2694 444 2729 t
460 2696 475 2728 a
490 2696 529 2734 me
544 2678 631 2731 fastidit
646 2680 731 2731 amari.

230 2751 326 2803 Institor
334 2752 383 2803 heu
396 2750 402 2801 !
416 2752 518 2811 nodet,
535 2768 593 2819 quas
604 2752 661 2802 mihi
670 2768 721 2803 non
732 2750 792 2809 dat,
808 2750 883 2803 habet
896 2749 906 2803 l

192 2822 255 2886 Hac,
271 2826 315 2877 tibi
330 2843 374 2892 per
388 2836 456 2876 totos
472 2825 609 2883 inacescant
624 2824 703 2877 omnia
720 2824 801 2875 sensus
814 2842 824 2883 3
850 2870 854 2873 .

228 2897 291 2952 Haec
306 2900 373 2953 refer
388 2915 396 2951 t
413 2898 469 2952 binc
487 2898 539 2952 edii
554 2898 738 2967 senumquaere
755 2897 803 2951 tui.
