2034 3709
224 294 276 345 20
323 275 364 342 P.
394 276 581 345 orum
606 276 832 346 anonrs

222 395 338 453 naue,
345 410 416 447 retro
422 413 536 463 propera,
544 396 666 461 vcrsaeque
676 394 795 449 recurrite
807 396 926 465 lympha:

259 468 362 517 Sustinet
372 466 484 519 (Inonen
494 468 621 519 deseruisse
633 470 708 519 Paris.

222 540 267 590 Illa
280 542 331 590 dies
346 543 421 593 satum
435 544 527 592 misere
543 544 600 591 milri
613 542 673 591 dixit
685 574 692 601 ,
704 542 733 590 ab
743 542 786 591 illl

259 612 362 663 Pessima
373 617 458 665 mutati
469 616 544 681 coepit
554 616 642 665 amoris
651 616 745 673 hiems,

174 692 189 747 3
195 694 208 745 5
223 684 280 750 Qui
290 684 376 737 Ventis
386 690 411 738 dc
420 689 500 747 luno,
513 686 639 755 sumtisque
649 688 775 737 decentior
787 687 860 740 arinis

259 761 336 811 Venit
346 762 371 809 in
380 763 501 811 arbitrium
511 762 574 811 nuda
584 762 696 811 Mirrerva
706 774 787 811 tuum.
804 826 805 829 Ἴ
893 761 899 769 ’

222 830 329 883 Attoniti
339 836 445 884 micuere
454 836 521 884 sinus
531 868 538 892 ‚
550 834 687 902 gelidusque
697 834 803 883 cucurrit
812 867 821 893 ,

259 906 295 954 Ut
307 908 365 955 mihi
378 908 490 966 narrasti,
505 909 563 957 duta
578 925 622 972 per
637 907 684 956 offa
697 920 798 956 tremor.

223 976 450 1044 Consului,neque
460 981 524 1029 enirn
534 981 629 1029 modice
638 980 886 1047 terrebat,anusquc
1003 968 1004 1049 i

173 1052 211 1098 40
258 1051 440 1121 Longaevosque
455 1054 523 1102 serres
539 1070 548 1103 ε
564 1052 668 1101 constitit
683 1052 728 1101 esse
742 1053 821 1101 nesus.
1003 1066 1004 1119 l

222 1122 290 1173 Caesa
304 1126 388 1183 abies,
402 1126 518 1192 seneque
531 1128 629 1175 trabes:
649 1127 693 1184 δι,
709 1124 779 1175 ruffe
793 1138 898 1191 parata,
1003 1122 1004 1135 ¹

258 1197 353 1247 Caernla
369 1210 463 1247 ceratas
479 1200 567 1264 acc'pit
579 1198 642 1247 unda
656 1210 732 1247 rates.

219 1270 291 1319 Flesti
305 1272 428 1321 discedens
445 1288 453 1320 t
466 1273 515 1321 hoc
531 1272 614 1321 saltem
627 1286 699 1337 parce
714 1285 818 1338 negare.

257 1342 384 1414 Praeterito
399 1347 473 1412 tnagis
488 1345 521 1393 est
537 1345 577 1393 iste
594 1344 722 1409 pudendus
735 1360 814 1395 antor.

172 1424 207 1473 45
220 1414 252 1465 Et
261 1416 322 1465 flesti
331 1446 349 1475 ,·
356 1418 383 1467 dt
393 1418 485 1467 nostros
494 1418 569 1467 vidilli
582 1418 662 1467 nentis
672 1418 764 1467 ocellos
775 1431 785 1466 t

256 1488 394 1539 Miscuimus
403 1493 521 1557 lacrymas
535 1490 626 1539 maeslns
641 1504 744 1555 uterque
760 1490 822 1539 sures.

219 1560 278 1609 Non
292 1562 327 1615 sic
341 1563 457 1629 appositis
472 1564 577 1611 vincitur
587 1564 675 1611 vitibus
690 1564 783 1621 ulmus,

255 1634 291 1682 Ut
305 1648 347 1684 tua
361 1635 416 1684 sunt
432 1637 497 1684 collo
515 1636 612 1684 bruchio
628 1650 690 1683 nexa
706 1650 776 1684 meo.

219 1705 260 1757 Ab
272 1705 278 1755 !
291 1708 403 1772 quoties,
414 1706 467 1757 etim
483 1721 509 1757 te
524 1720 602 1758 vento
614 1722 746 1773 quererere
758 1707 858 1767 teneri,

176 1789 210 1841 50
255 1780 368 1830 Riserunt
382 1783 485 1831 comites
504 1780 510 1828 !
529 1782 570 1830 ille
583 1782 775 1830 secunduserrt.

197 1872 205 1882 ·
219 1852 312 1905 Oscula
324 1854 420 1905 dioissae
438 1856 533 1920 quoties
548 1855 653 1921 repetita
668 1850 755 1903 dedisti
763 1853 772 1901 l

256 1928 337 1992 Quini
352 1930 393 1981 vix
410 1928 515 1980 sustinuit
531 1922 613 1979 dicer'e
624 1929 722 1997 lingua,
734 1918 798 1981 Vale
813 1924 821 1976 l

220 2000 287 2053 Auta
296 2004 359 2055 levio
368 2005 447 2072 rigido
457 2005 588 2071 pendentia
598 2004 673 2053 lintea
682 2004 746 2052 mulo

257 2076 378 2136 Suscita,
395 2079 422 2129 δι
434 2080 507 2127 ternis
524 2091 592 2127 eruta
607 2088 679 2127 canet
694 2092 765 2142 aqua.

176 2147 208 2198 55
220 2148 356 2216 Prosequor
370 2151 453 2201 infelix
466 2150 542 2200 oculis
556 2150 667 2198 abeuntia
683 2151 755 2207 vela,

199 2230 203 2235 '
258 2221 314 2286 Qui
325 2224 384 2273 licet
394 2224 441 2281 ;·&
451 2223 562 2290 lacrymis
572 2224 655 2271 humet
665 2238 736 2271 arena
746 2220 818 2271 meis.

219 2294 304 2360 thue
320 2298 387 2346 celer
393 2296 475 2345 venias
488 2296 593 2353 ,virides
607 2294 729 2343 Nereidas
745 2309 810 2345 oro:

257 2368 356 2417 Scilicet
368 2381 395 2417 ut
403 2370 488 2416 uenias
498 2368 523 2416 in
534 2384 586 2417 mea
597 2368 682 2416 damna
692 2370 768 2418 celer.

220 2436 295 2493 Votis
305 2456 366 2507 ergo
375 2442 435 2489 meis
446 2442 485 2489 alii
494 2441 602 2489 rediture
612 2438 691 2489 redistl
701 2438 712 2488 ?
733 2465 736 2473 ,
834 2451 837 2456 '

175 2503 210 2556 60
257 2513 306 2562 Hei
316 2514 372 2563 mihi
385 2513 391 2561 !
403 2529 449 2578 pro
459 2514 509 2561 dira
520 2514 607 2579 pellice
618 2506 703 2562 blanda
714 2512 758 2562 sui.

216 2585 315 2653 ‘Aspicit
323 2586 460 2635 immensum
473 2588 550 2636 moles
560 2586 639 2635 nativa
649 2578 793 2650 profundum
803 2600 812 2635 t

257 2660 332 2709 Mons
342 2659 388 2708 suit
397 2676 406 2715 ;
416 2660 535 2725 aequoreis
545 2660 585 2708 illa
595 2658 680 2708 resistit
688 2660 765 2724 aquis.

221 2732 285 2783 Hinc
297 2749 344 2799 ego
355 2733 411 2781 vela
421 2733 584 2798 tnae'cognovi
594 2732 667 2797 prima
679 2732 782 2781 carinae:
812 2796 814 2803 y

258 2805 290 2855 Et
300 2805 357 2853 mihi
368 2821 412 2870 per
421 2804 505 2853 {ludius
515 2806 618 2869 impetus
629 2804 664 2853 ire
675 2805 731 2853 suit.

196 2869 209 2922 5
222 2879 288 2929 Dnrn
298 2894 379 2926 moror
389 2883 397 2934 ,’
408 2876 432 2924 in
443 2876 530 2925 summi
541 2878 607 2926 fulsit
617 2877 672 2925 mihi
683 2892 786 2943 purpura
797 2876 882 2943 proti.

259 2950 374 3003 Pertimui
385 2965 391 3001 :
404 2951 482 3003 cultus
492 2966 542 3003 non
552 2958 605 3001 erat
615 2949 655 3001 ille
665 2961 732 3006 tuus.
