2034 3709
131 264 296 332 Lraart
319 260 350 329 I.
376 260 566 328 Eram
589 258 697 331 XIII.
729 281 802 355 ¹39
910 297 914 302 Δ

108 393 770 470 q====ff==p

222 534 250 595 E
268 535 295 597 1.
315 535 342 597 E
362 533 395 599 G
414 535 429 598 l
449 536 481 598 A
530 535 673 600 XIII.

86 633 183 759 Jan
199 693 272 762 super
288 696 417 747 Oceanum
430 695 500 746 veuit
515 713 529 746 a
544 694 638 747 seniore
653 692 759 756 marito,

123 770 202 820 Flava
217 770 332 836 pruinoso
349 787 403 837 quae
418 770 488 820 vehit
504 787 549 820 axe
566 769 639 820 diem.

86 841 147 908 Qud
158 859 297 910 properas,
311 841 426 894 Aurora?
437 859 527 893 mane.
540 842 575 894 sic
584 840 726 894 Memnonis
736 838 824 892 umbris

124 917 218 967 Annua
234 916 343 968 sollemni
358 918 425 966 cede
441 929 554 982 parentet
569 918 629 969 avis

87 989 187 1042 Nunc
180 1002 250 1056 Juvat
264 990 289 1040 in
304 989 396 1041 teneris
413 990 516 1041 domine
530 989 627 1056 jacuisse
644 982 762 1040 lacertis.
816 1000 829 1049 5

125 1064 153 1114 Si
171 1062 288 1130 quando,
305 1064 376 1113 lateri
393 1079 456 1112 nunc
472 1065 536 1113 bene
551 1062 631 1128 junsla
645 1076 701 1113 meo
717 1061 759 1112 est.

89 1139 166 1188 Nunc
183 1137 255 1188 eriam
271 1137 346 1187 somni
359 1137 481 1222 pingues,
502 1151 566 1185 nunc
583 1137 682 1221 frigidus
698 1137 804 1186 humor:

128 1211 162 1260 Et
177 1209 294 1276 liquidum
309 1210 378 1260 tenui
394 1221 492 1295 gutture
510 1221 592 1259 cantat
608 1209 670 1258 avis.

93 1282 154 1350 Qud
168 1300 306 1350 properas,
327 1285 419 1374 ingrati
436 1283 515 1341 viris,
534 1284 629 1350 ingrata
642 1279 754 1350 puellis?

130 1357 235 1407 Roscida
250 1357 371 1426 purpurei
389 1356 507 1423 supprime
524 1357 852 1407 letaniarum

93 1431 162 1481 Ante
177 1429 235 1482 tuos'
250 1444 319 1481 ortus
334 1428 418 1481 melitis
435 1429 475 1480 sua
491 1428 570 1479 sidera
585 1430 665 1480 servat

130 1505 241 1563 Navita
261 1521 309 1555 uec
326 1503 405 1553 media
421 1503 514 1553 nescius
532 1513 596 1552 errat
613 1501 684 1570 aqud.

96 1578 134 1628 Te
151 1576 246 1642 surgit,
263 1578 372 1645 quamuis
385 1575 474 1636 lassus,
493 1577 609 1627 veniente
625 1577 725 1627 viator}

133 1651 207 1701 Miles
226 1651 252 1701 δι
268 1651 390 1701 armiferas
405 1661 472 1715 aptat
488 1649 519 1698 ad
536 1667 600 1700 arma
616 1656 709 1698 marrus.

96 1724 174 1775 Prima
191 1724 290 1775 bidente
305 1724 375 1774 vides
391 1736 504 1773 oneratos
522 1738 579 1772 arva
595 1725 726 1772 colentes:
820 1731 850 1779 15

133 1796 211 1847 Prima
227 1814 302 1848 vocas
320 1797 403 1847 tardos
419 1795 531 1863 subjuga
548 1797 626 1862 panda
642 1797 728 1846 boves.

98 1871 138 1922 Tu
153 1887 244 1938 pueros
260 1872 344 1921 somno
359 1870 473 1928 fraudes,
489 1870 612 1936 tradisque
628 1866 763 1936 magistris3

135 1945 171 1995 Ur
186 1943 289 1994 subeant
302 1956 395 1994 reuera
410 1945 513 1994 uerbera
529 1943 591 1994 saeva
607 1959 701 1992 manus.

98 2018 179 2085 Atque
196 2019 283 2068 eadem
299 2017 409 2085 sponsum
425 2015 528 2067 consulti
546 2029 603 2065 ante
620 2014 680 2064 atria
695 2011 790 2069 mitris.

135 2091 214 2142 Unius
230 2104 257 2142 ut
271 2091 342 2142 verbi
356 2091 452 2158 grandia
470 2091 555 2140 damna
572 2089 645 2138 serat.
820 2095 863 2146 20·

99 2167 154 2216 Nec
170 2178 199 2215 tu
216 2165 358 2222 causidico,
376 2180 423 2214 uec
436 2175 464 2213 tu
479 2162 585 2228 jucunda
601 2161 710 2212 diserto:

137 2239 242 2305 Cogitur
259 2238 361 2288 adlicer
380 2237 479 2304 surgere
493 2248 597 2302 uterque
614 2249 702 2286 novas.

12 2318 13 2331 ¹
101 2311 140 2361 Tu
153 2344 161 2371 ,
182 2311 237 2362 clun
251 2311 350 2361 feminei
364 2311 460 2376 possint
476 2308 565 2359 cessare
583 2310 699 2367 labores,

137 2384 266 2435 Lanificam
276 2384 385 2435 ‘revoces
401 2385 432 2432 ad
449 2381 489 2432 sue
506 2383 579 2448 pensa
595 2397 701 2432 inunum.

102 2458 190 2510 Omnia
205 2471 349 2525 perpeterer
362 2473 371 2509 r
386 2457 429 2506 sed
445 2457 542 2522 surgere
558 2471 628 2506 mane
642 2454 737 2522 puellas
807 2451 853 2512 '25

137 2532 221 2594 Quis,
237 2533 283 2582 nini
300 2533 340 2581 cui
353 2547 403 2580 non
419 2529 453 2579 est
468 2530 516 2578 ulla
532 2529 632 2595 puella,
652 2525 739 2580 serat?

103 2606 195 2673 Optavi
209 2605 327 2672 quoties,
342 2621 375 2654 ne
391 2620 447 2654 nox
454 2603 500 2652 tibi
513 2603 604 2653 cedere
622 2597 721 2653 vellet'

137 2681 194 2729 Neu
207 2679 322 2747 fugerent
335 2679 417 2728 vultur
432 2678 513 2728 sidera
528 2689 594 2726 mota
609 2687 693 2727 tuor
678 2676 684 2710 ¹

104 2753 195 2820 Optavi
211 2753 329 2819 quoties,
348 2763 390 2802 aut
405 2763 494 2801 ventus
510 2749 740 2818 frangentium,

138 2828 187 2878 Aut
205 2827 306 2877 caderet
320 2825 394 2891 spissa
407 2825 472 2874 nube
485 2835 596 2874 retentus
612 2838 708 2888 equus.
702 2819 708 2868 l
823 2827 857 2878 30

104 2901 203 2959 Invida,
223 2899 273 2966 qud
288 2896 428 2966 properar³
445 2899 511 2964 quod
527 2909 580 2946 erat
595 2897 638 2946 tibi
652 2894 714 2945 silius
731 2902 804 2947 atet

141 2975 249 3026 Materni
263 2974 343 3025 sumt
357 2971 462 3040 pectoris
477 2972 519 3023 ille
534 2971 615 3023 color·
