2034 3709
149 294 211 348 Dr
237 275 355 345 Arra
379 274 574 344 Arrium
598 275 637 344 L.
662 278 693 347 1.
724 296 800 371 199

77 396 134 450 Tot
150 398 196 451 tibi
213 409 311 464 temque
328 396 395 447 debit
412 396 528 447 fumosas
545 396 624 446 Roma
639 398 752 463 puellas,
809 413 839 462 55

111 471 180 521 Haec
196 470 289 527 habet,
306 481 334 519 ut
349 469 432 529 dices,
450 469 564 537 quicquid
578 470 602 519 in
618 472 679 520 orbe
695 471 752 523 suit.

79 542 194 611 Gargara
205 556 265 610 quot
276 543 385 611 segetes,
398 555 460 610 quot
470 544 543 593 habet
553 543 697 610 Methymna
706 559 817 594 racemos
829 560 838 602 3

115 617 232 685 AEquore
247 628 307 683 quot
323 616 419 682 pisces,
438 617 525 667 ironrle
539 627 657 682 reguntur
672 632 752 674 eves3

82 690 155 756 Quot
170 691 262 740 eoelum
275 689 377 749 stellas,
397 700 443 740 tot
452 690 527 740 habet
542 699 584 739 tue
600 688 679 740 Roma
693 690 805 755 puellas:

118 764 205 823 Mater
222 764 249 815 δι
262 760 348 813 AEneae
363 762 455 813 constet
472 764 496 813 in
511 763 570 813 urbe
587 761 631 812 sui.
806 760 842 813 60

81 838 131 887 Seu
148 836 242 902 caperis
259 836 340 903 primis
356 836 383 888 &
398 836 476 887 adhuc
492 835 656 887 crescentibus
668 833 756 895 annis,

118 910 186 960 Ante
202 909 288 960 oculos
303 908 388 961 veniet
401 925 461 961 vera
476 910 557 975 puella
573 921 639 962 tuos.

81 983 138 1035 Sive
156 983 226 1050 cupis
240 981 373 1049 juvenem,
387 980 489 1049 juvenes
505 980 550 1033 tibi
566 982 631 1032 mille
646 981 796 1049 placebunt:

119 1056 224 1124 Cogiris
241 1056 294 1107 voti
312 1055 405 1107 nescius
421 1054 468 1107 esse
485 1056 533 1106 tui.

83 1130 133 1179 Seu
150 1142 176 1180 te
194 1128 258 1181 sorti
275 1128 343 1195 juret
360 1129 411 1180 sete
426 1129 453 1179 ἀ
469 1126 691 1195 sapientiorum,
804 1124 838 1191 65

118 1203 176 1253 Hoc
194 1218 312 1269 quoque,
332 1202 405 1253 crede
421 1201 499 1261 milri,
517 1201 612 1268 plenius
629 1216 715 1267 agmen
733 1198 791 1251 erit.

82 1276 122 1326 Tu
134 1274 213 1327 modi
230 1273 346 1341 Pompeii
360 1277 441 1327 lentus
455 1275 557 1342 spatiare
573 1274 616 1323 sub
633 1272 736 1333 utristi,
814 1294 820 1301 ·

119 1347 182 1399 Crini
199 1346 235 1399 sol
251 1348 369 1399 Herculei
382 1360 452 1416 terge
468 1347 548 1400 leonis
562 1347 634 1398 adit:

82 1425 134 1472 Aut
151 1421 213 1478 ubi,
232 1422 370 1473 muneribus
387 1423 436 1473 nati
452 1422 492 1471 sua
508 1436 607 1471 munera
623 1431 701 1471 mter

12 1552 13 1555 Ἴ
118 1494 237 1553 Addidita
256 1507 359 1546 externe
374 1510 493 1544 mertuore
510 1496 577 1545 dives
596 1510 666 1559 opus.
803 1505 839 1555 70

82 1570 137 1619 Nec
154 1568 203 1619 tibi
212 1569 323 1626 vitetur,
344 1584 397 1635 quae
411 1567 493 1634 priscis
509 1568 584 1633 sparse
599 1565 714 1625 tabellis,

12 1638 13 1698 i
39 1690 44 1701 ,
116 1640 230 1691 Porticus
246 1641 349 1692 austeris
367 1642 435 1691 Livia
451 1656 540 1690 nornen
554 1640 638 1690 habet.

11 1750 13 1843 l

12 1708 13 1743 ἢ
82 1714 188 1780 Quique
205 1730 290 1778 perere
306 1730 392 1765 necem
409 1714 499 1763 miserie
515 1713 663 1780 patruelibus
680 1709 741 1762 ausa
793 1735 796 1742 ,

117 1788 234 1843 Belides,
255 1787 280 1837 &
297 1787 375 1838 uriae
391 1786 436 1839 stet
450 1788 517 1837 serus
533 1787 590 1837 ense
607 1797 687 1850 patet.

11 1868 12 1871 ’
83 1862 180 1921 Necte
199 1872 330 1927 pretereat
346 1860 440 1913 Veneri
456 1862 565 1926 ploratus
583 1856 697 1916 Adonin
806 1868 840 1919 75

118 1934 241 2000 Cultaque
256 1932 342 1987 'Iudaeo
362 1933 460 1999 septime
478 1933 542 1983 sacra
558 1932 632 1999 Syro.

11 2056 12 2059 ,
82 2010 137 2059 Neu
153 2008 212 2075 suge
228 2006 335 2077 linigera
349 2006 510 2073 Memphitica
525 2006 616 2069 temple
629 2002 757 2068 jurentur

11 2084 12 2151 ξ
116 2081 214 2139 Multas
227 2081 267 2130 ille
283 2078 360 2139 fecit,
376 2080 441 2147 quod
460 2078 506 2129 fuit
519 2078 570 2144 ipsa
585 2076 652 2129 iovi.

11 2156 12 2159 ’
81 2156 112 2207 Et
128 2156 183 2206 sora
200 2154 368 2213 conveniunt,
387 2151 461 2221 (quis
478 2153 580 2202 credere
595 2144 689 2216 possit?
702 2148 713 2215 )
725 2142 819 2197 amori:

11 2252 13 2303 l

117 2230 270 2293 Flammaque
287 2228 312 2277 in
328 2238 415 2295 arguto
433 2224 495 2292 serpe
512 2236 609 2291 reprrrt
627 2223 701 2279 soror
806 2220 840 2270 80

83 2303 183 2355 studita
200 2304 247 2369 qui
262 2301 369 2353 Veneris
385 2298 447 2349 festo
465 2298 495 2349 de
514 2310 633 2347 memore
649 2294 744 2361 templo

119 2375 210 2443 Appias
227 2372 346 2440 expressis
361 2374 416 2423 a'e‘ra
433 2373 510 2439 pulset
528 2369 605 2438 aquis.
677 2379 680 2383 '

83 2452 129 2501 lllo
147 2451 210 2515 saepe
227 2450 285 2499 loco
302 2446 395 2513 eapitur
412 2444 534 2497 consultus
552 2443 648 2493 amerit

119 2523 219 2589 Quique
236 2520 289 2571 aliis
306 2521 387 2579 tevit,
407 2536 456 2569 non
472 2530 543 2567 cevet
557 2517 606 2582 ipse
622 2512 679 2567 sibi.

84 2598 128 2647 lllo
138 2596 211 2661 *sape
227 2596 292 2644 loce
300 2593 384 2643 desunt
402 2593 442 2642 sue
458 2593 533 2642 verba
549 2590 659 2648 diserto;
805 2583 838 2647 85

119 2668 218 2733 Resque
236 2684 306 2719 novar
321 2666 440 2725 veniunt,
458 2664 576 2731 causaque
591 2661 684 2731 agentis
701 2657 734 2710 sui
751 2657 795 2707 esi.

85 2744 155 2793 Hunc
171 2742 259 2793 Venus
278 2757 292 2791 e
306 2741 421 2807 templis,
442 2754 495 2805 quae
512 2737 565 2787 sunt
581 2735 704 2791 confinia,
720 2731 795 2783 ridet.

103 2815 172 2879 „Qui
188 2812 263 2864 moriri
278 2826 414 2880 patronus,
433 2826 496 2863 nunc
514 2810 581 2876 cupit
595 2810 641 2860 esse
658 2806 744 2858 cliens.

86 2890 131 2940 Sed
149 2902 176 2938 tu
193 2885 316 2955 praecipui
332 2886 411 2939 turris
427 2880 519 2935 vertare
536 2883 657 2935 theatris:

120 2962 183 3013 Haec
201 2960 327 3015 locesurrt
342 2971 404 3013 roto
421 2960 539 3012 fertiliora
552 2969 607 3010 tuo.

697 3042 748 3094 liv
