2034 3709
140 272 142 275 ’
210 260 284 354 176
335 259 543 329 Omra
570 260 822 330 Amorum

206 383 233 433 si
249 382 320 430 Deus
333 379 383 445 iple
400 377 498 435 lorem;
517 394 606 427 numen
622 379 675 430 sine
693 381 777 431 fraude
795 382 887 432 liceret

243 454 340 504 Femina
356 450 468 500 mendaci
482 450 580 500 fallerer
597 466 640 501 ore
657 471 747 505 meum.
831 466 834 472 '

162 542 195 590 45
208 528 261 595 lple
277 543 325 594 ego
340 524 445 593 jurarem
460 540 545 572 vetum
560 522 641 589 jurare
658 529 774 593 puellas3

243 600 275 650 Er
291 618 340 649 non
355 598 386 647 de
400 596 492 646 tetricis
511 596 604 647 (ficeret
621 600 667 649 elle
684 602 765 651 Deus.

208 674 249 724 Tu
265 686 346 725 tamen
361 672 456 721 illorum
472 670 618 721 moderatitis
636 686 706 725 utere
723 676 811 727 dono:
892 690 898 697 “

245 747 296 797 Aut
312 745 389 795 oculis
408 742 476 794 certe
491 760 584 809 parce,
603 748 703 812 puella,
722 748 794 801 meis.

230 976 271 1010 r
378 976 631 1040 ELEGIA
672 975 748 1037 IV.
808 1022 812 1031 .

209 1072 345 1188 Dm
361 1135 417 1195 uir,
436 1136 550 1223 imposito
567 1147 658 1187 tenerae
679 1134 777 1186 custode
794 1134 906 1202 puellae,

246 1210 288 1258 Nil
304 1210 378 1277 agis:
371 1211 493 1279 ,ingenio
509 1228 610 1277 quaeque
626 1210 715 1261 tuenda
733 1210 787 1260 suo.

210 1281 236 1333 St
246 1300 309 1348 qua
324 1297 390 1334 metu
401 1286 499 1343 demto
511 1284 570 1334 calla
582 1283 614 1334 eli
622 1284 786 1349 eademque
798 1280 860 1331 casta
873 1280 925 1331 est

247 1356 331 1419 Quae,
349 1357 402 1423 quia
419 1376 469 1407 non
484 1358 576 1417 liceat,
594 1374 644 1408 non
661 1356 738 1415 lacit,
753 1356 795 1404 illa
810 1355 881 1403 facit.

187 1428 268 1492 5Ut
261 1446 309 1493 Jam
324 1429 423 1481 servaris
439 1433 503 1482 bene
519 1448 626 1497 corpus,
642 1430 751 1479 adultera
766 1444 835 1478 mens
851 1427 905 1477 eli:

247 1502 301 1552 Nec
319 1503 450 1563 custodiri,
467 1506 492 1555 ni
508 1505 587 1561 velit,
604 1505 644 1554 illa
660 1502 747 1570 potest.

210 1576 265 1626 Nec
282 1590 387 1626 mentem
403 1577 497 1628 servare
512 1590 602 1645 potes,
618 1577 677 1627 licet
691 1575 771 1625 omnia
786 1574 909 1626 claudas:
1010 1568 1011 1583 ¹

249 1648 369 1699 Omnibus
387 1651 511 1709 occlusis,
529 1650 594 1700 intus
611 1650 704 1700 adulter
721 1649 777 1699 erit.

212 1721 260 1771 Cui
274 1739 375 1787 peccare
392 1725 471 1783 licet,
488 1734 576 1789 peccat
592 1724 693 1773 minus:
709 1722 758 1789 ipsa
773 1720 883 1789 potestas

171 1810 203 1845 ιο
248 1796 344 1846 Semina
360 1797 473 1862 nequitiae
488 1796 638 1865 languidiora
654 1796 723 1846 facit.

212 1869 325 1927 Desine,
343 1870 414 1919 crede
432 1870 510 1928 mihi,
529 1870 586 1919 vitia
602 1869 696 1921 irritare
712 1868 841 1921 vetando:

249 1927 412 2009 Obsequio'
390 1960 472 1993 vincas
489 1940 567 2009 aptitis
583 1943 622 1993 illa
638 1955 693 1993 tuo.

211 2016 271 2068 Vidi
281 2032 329 2085 ego
340 2034 417 2083 nuper
432 2028 537 2083 equum,
554 2028 639 2066 contra
650 2016 690 2067 sua
700 2012 783 2077 vincla
793 2026 927 2075 tenacem,
1012 2042 1013 2051 κ

251 2089 304 2139 Ore
319 2091 464 2150 relullanti,
480 2089 609 2140 fulminis
602 2106 637 2141 tre
655 2090 738 2140 modo.

172 2176 201 2225 15
215 2161 345 2223 Constitit,
363 2176 390 2213 ut
407 2161 508 2230 primum
524 2162 645 2213 concellus
663 2162 736 2213 sensit
749 2161 878 2220 habenas,

250 2235 399 2301 Frenaque
391 2255 417 2286 tn
433 2236 505 2287 effusa
520 2234 594 2286 laxa
588 2253 670 2303 jacere
686 2236 752 2303 juba.

213 2308 319 2360 Nitimur
334 2311 359 2359 in
374 2311 477 2359 vetitum
491 2309 603 2376 semper,
622 2309 778 2377 cupimusque
795 2320 906 2378 negarat

251 2382 291 2430 Sic
306 2381 437 2432 interdistis
453 2383 560 2433 imminet
576 2400 640 2451 aeger
657 2382 734 2449 aquis.

215 2452 319 2503 Centum
338 2456 419 2506 fronte
435 2458 540 2515 oculos,
559 2468 656 2511 centum
670 2455 770 2518 ¹ceruice
788 2454 890 2523 gerebat

169 2544 206 2580 ns
252 2526 332 2595 Argus
349 2544 356 2582 ι
373 2529 399 2579 &
414 2530 460 2579 hos
476 2547 538 2581 unus
554 2528 614 2595 saepe
632 2530 719 2579 fefellit
734 2529 822 2578 Amor.

215 2602 243 2651 ln
258 2601 387 2651 thalamum
401 2602 488 2653 Danai
504 2603 560 2652 saxo
577 2604 691 2669 ferroque
706 2616 840 2668 perennem

251 2671 313 2736 Quat
327 2672 406 2725 fuerat
419 2675 489 2744 virgo
503 2675 607 2735 tradita,
624 2688 701 2726 mater
717 2686 779 2724 erat.

214 2746 338 2815 Penelope
351 2748 457 2805 mansit,
475 2750 581 2815 quamvis
597 2748 694 2799 cullode
711 2749 829 2807 carebat,

251 2821 318 2871 lnter
334 2833 373 2871 tot
388 2820 489 2888 juvenes
506 2822 648 2879 intemerata
664 2838 763 2888 procos.

172 2906 204 2954 25
217 2891 339 2960 Quicquid
353 2894 479 2955 servatur,
498 2896 606 2961 cupimus
621 2895 695 2963 magis
707 2912 716 2955 ς
734 2894 832 2961 ipsaque
847 2892 927 2943 furem

253 2964 318 3019 Cura
332 2981 406 3022 rotat
415 2985 427 3023 t
442 2969 532 3039 peuri,
549 2968 615 3039 quod
630 2969 687 3024 sinit
700 2970 781 3031 alter,
800 2978 890 3018 amant.

1009 2300 1013 2451 l
