2034 3709
249 250 326 344 238
361 246 588 319 Orruit
615 246 875 315 Nunnius

249 368 300 419 rint
317 369 401 424 latus,
419 365 445 415 δι
460 365 545 421 vires,
566 377 713 429 operamque
728 361 816 415 afferte
833 362 936 431 puellis.

286 440 345 491 Hoc
354 430 452 507 quoque
463 438 553 487 milltiae
565 436 598 485 est
610 454 618 495 3
630 438 678 485 hoc
689 452 787 502 quoque
800 439 892 503 querit
903 456 967 505 opes.

187 516 241 582 675
252 513 343 571 Atre,
357 513 430 579 quod
446 511 481 561 esi
496 511 543 561 illis
560 526 662 577 operum
679 509 808 577 prurientia
824 511 907 579 major
916 528 927 571 ς

242 613 246 619 ,
285 587 357 637 Solus
376 587 402 636 bt
418 584 523 635 artisces
540 586 583 651 qui
596 584 675 640 iacit,
691 582 746 633 usus
764 583 841 635 adest.

249 660 300 712 1112
315 659 437 710 munditiis
452 672 570 708 annorum
588 654 671 707 damna
687 656 849 722 rependunt,

286 733 319 783 Et
334 734 426 782 iaciunt
441 732 518 790 curi,
537 748 570 795 ne
586 731 714 780 videantur
729 746 800 781 anus.

248 805 334 874 thue
349 806 430 865 veiis,
448 800 576 857 Venerem
592 802 695 871 jungunt
709 819 756 869 per
771 804 841 855 mille
857 802 960 873 figurast

187 883 238 935 680
284 880 395 931 Inveniat
409 881 493 948 plures
508 880 575 927 nulle
591 878 680 927 rebella
696 876 795 929 modos.

218 991 222 998 .
249 954 303 1003 lllis‘
315 954 415 1003 sentimur
430 965 481 1001 non
497 952 589 1001 initote
604 952 735 1014 voluptas:

286 1025 361 1090 Quod
372 1025 442 1093 juvet
452 1059 461 1084 ,
479 1042 512 1075 ex
520 1040 592 1090 reque
602 1023 689 1073 semina
699 1022 790 1090 virque
799 1023 884 1073 serant
894 1038 904 1074 t

249 1098 300 1152 odi
310 1099 475 1156 concubitis,
492 1098 533 1166 qui
547 1114 596 1147 non
605 1108 734 1163 utrumque
747 1096 899 1148 resolvunt:

134 1221 137 1227 .
285 1174 350 1225 Hinc
360 1171 413 1230 est,
432 1188 476 1221 cur
485 1171 556 1237 pueri
569 1184 654 1239 tunger
664 1186 746 1220 amore
760 1168 853 1220 minius.

187 1249 237 1309 685
250 1247 301 1299 Odi
316 1262 368 1313 quae
381 1247 493 1312 prebet,
510 1244 565 1309 quia
579 1244 611 1294 sit
624 1245 732 1310 praebere
746 1242 870 1302 netesl'e;

286 1320 403 1386 Siccaque
420 1319 456 1368 de
468 1320 523 1368 lene
540 1319 632 1385 cogitat
646 1317 695 1383 ipsa
711 1316 761 1367 sui.

150 1408 153 1412 ·
248 1390 312 1455 Que
324 1393 394 1441 datur
404 1390 486 1441 officio
496 1424 504 1449 ,
523 1406 572 1439 non
583 1390 616 1439 ell
626 1390 682 1439 mihi
693 1402 761 1458 grate
771 1392 890 1459 voluptas
900 1406 910 1443 t

285 1463 400 1515 Officium
409 1465 484 1514 ineitt
497 1464 563 1514 nulle
577 1464 659 1529 puella
670 1464 737 1514 milti.

246 1537 292 1589 Me
307 1541 383 1589 voc'es
391 1539 476 1587 andire
489 1537 559 1603 juvat
568 1536 608 1587 sua
617 1537 702 1604 gartdia
716 1535 807 1589 uffae:
998 1538 999 1605 l

185 1613 239 1679 690
285 1612 370 1677 thue
384 1628 466 1663 morer
481 1623 589 1669 memet,
607 1610 799 1677 stslineamque,
816 1622 903 1680 roget.

237 1684 366 1751 ‘Aspiciam
377 1684 482 1735 ‹lominae
491 1684 569 1733 vislos
579 1683 679 1733 amentis
691 1685 787 1733 ocellos
800 1699 809 1733 t

283 1758 426 1825 Languent,
446 1758 472 1807 δι
485 1758 553 1824 tangi
562 1757 588 1807 se'
601 1768 671 1807 vetet
684 1757 724 1807 illa
735 1757 787 1806 diu.

247 1831 307 1881 Haec
316 1833 380 1881 bona
393 1848 443 1880 non
452 1831 535 1895 primae
544 1829 629 1880 tribuit
639 1840 723 1880 natura
733 1830 846 1897 juventa
856 1862 868 1891 ,

283 1905 347 1969 Quae
358 1902 408 1955 citi>
416 1903 469 1971 posi
480 1904 572 1970 septem
582 1904 652 1953 lustra
661 1904 744 1953 vc'nire
755 1904 849 1954 solent.

185 1980 219 2044 69
223 1995 235 2044 5
248 1978 299 2043 Qui
305 1989 449 2045 properant,
462 1976 693 2027 novamuslabibant
701 1994 707 2028 :
715 1975 955 2027 mihitundatarlrun

283 2052 429 2102 Consulibus
437 2051 520 2118 priscis
531 2051 628 2100 condite
639 2050 697 2100 tella
707 2066 812 2101 merum.

199 2149 201 2154 ·
245 2126 301 2176 Nec
311 2127 421 2191 plmanus
431 2158 438 2183 ,
450 2124 495 2173 nisi
505 2125 556 2174 sere
568 2156 575 2181 ,
593 2122 671 2190 potest
682 2122 797 2174 obsistere
808 2122 924 2175 Phoebot

282 2198 316 2248 Et
326 2200 416 2249 ledunt
427 2198 506 2249 nudos
518 2209 585 2263 prata
599 2198 695 2247 novella
709 2197 797 2265 perles.

246 2270 346 2322 Scilicet
356 2272 507 2322 Hermionen
517 2270 620 2321 Helenae'
629 2286 772 2337 preponere
782 2269 868 2337 posses
878 2266 892 2319 ἓ

183 2360 238 2409 700
283 2345 315 2394 Et
323 2347 412 2395 melior
421 2342 527 2411 Gorge,
545 2347 614 2411 quim
625 2343 664 2393 sut
674 2356 770 2403 mater,
790 2354 847 2394 erat
859 2342 872 2393 l

247 2417 286 2467 Ar
295 2419 421 2468 Venerem
431 2420 576 2485 quietumque
584 2419 653 2468 voles
664 2418 784 2486 attingere
795 2417 877 2469 seram
888 2433 899 2476 p

283 2491 308 2540 Si
318 2490 391 2542 modi>
402 2491 493 2541 <iuratis
504 2524 513 2551 ,
528 2492 624 2558 premia
635 2491 705 2559 digna
715 2491 792 2542 seres.

246 2562 362 2614 Conscius
372 2580 432 2614 ecee
442 2565 504 2614 duos
515 2565 609 2631 accepit
621 2565 695 2615 lelius
705 2578 816 2615 amantes
829 2580 848 2621 e,

281 2637 321 2688 Ad
330 2637 427 2687 thalami
438 2638 527 2700 cieuses
539 2672 546 2697 ,
564 2636 651 2696 Musa,
668 2638 750 2688 resiste
760 2638 841 2689 sores.

124 2746 129 2756 .
182 2725 234 2775 705
245 2701 338 2777 Sponte
348 2710 405 2766 sui,
416 2710 522 2769 sinete,
534 2712 689 2761 celeberrima
699 2713 773 2761 verba
784 2714 937 2779 loquentum

281 2784 335 2833 Nec
345 2800 428 2833 manus
437 2784 463 2833 in
471 2784 535 2834 lesio
548 2786 607 2835 laeva
617 2783 706 2850 jacebit
715 2786 789 2836 iners.

244 2854 373 2909 Invenient
383 2851 451 2924 digiti
462 2890 469 2915 ,
491 2858 556 2924 quod
567 2858 640 2925 agitne
647 2858 672 2908 in
681 2859 790 2925 pertibus
800 2859 850 2911 illis
861 2893 873 2923 ,

279 2931 307 2981 ln
317 2928 403 2998 <pibus
413 2930 610 2999 occultbspicnln
620 2930 771 3001 figit-Amor,
870 2928 872 2932 ’
928 2954 931 2963 ’
