2034 3709
220 273 269 348 66
317 270 821 346 P.0V11>11N.4s0ms

219 394 254 444 At
267 393 324 444 mihi
337 391 466 460 Pegasides
481 391 632 443 blandissima
643 393 747 443 carmina
759 396 869 465 distant:

256 467 270 520 J
272 485 309 516 arn
318 466 412 517 canitur
420 478 475 517 toto
486 482 576 516 nomeu
583 468 607 514 in
618 467 678 516 orbe
688 483 778 519 meum.

220 543 275 592 Nec
284 542 338 608 plus
349 540 462 598 Alcaeus,
474 539 574 590 consors
590 540 722 606 patriaque
734 543 862 610 lyraeque,

179 629 213 682 30
258 615 347 664 Laudis
357 612 567 680 hebetaquamvis
576 613 736 680 grandiusille
746 616 825 668 sonet.
1000 620 1001 671 l

221 688 246 740 si
258 689 315 737 mihi
326 685 428 738 difficilis
439 687 540 737 formam
551 699 635 738 natura
643 689 760 756 negarit,

258 761 360 829 ingenio
370 761 454 812 formae
468 760 553 810 damna
562 761 672 826 rependo
681 779 749 813 rneae.

222 834 279 886 Sum
295 836 376 885 brevis
383 851 393 893 3
407 845 432 884 at
444 845 549 891 nomen,
560 834 709 900 quodterras
720 836 821 904 impleat
832 853 932 900 omnes,

258 907 297 958 Est
307 908 365 957 mihi
373 924 380 957 ι
389 907 521 958 mensuram
531 908 633 957 nonrinis
641 907 689 974 ipsa
698 909 760 958 lero.

179 996 210 1048 35
223 980 331 1032 Candida
337 980 357 1032 si
365 998 414 1032 non
423 980 487 1038 sum,
496 981 589 1046 placuit
598 980 708 1047 Cepheia
717 981 808 1034 Perseo

258 1055 430 1112 Andromede,
444 1054 529 1120 patriae
539 1053 604 1104 lusca
615 1055 699 1104 colore
709 1055 768 1107 suae.
899 1092 918 1108 ..
1002 1028 1003 1098 l

223 1127 254 1178 Et
267 1127 340 1178 variis
349 1128 409 1178 albae
418 1123 550 1194 junguntur
558 1127 620 1192 [προ
632 1128 768 1180 columbas

258 1201 290 1252 Et
298 1202 366 1270 niger
376 1219 390 1250 a
402 1201 472 1250 viridi
479 1211 561 1250 turtur
568 1211 662 1249 amatur
671 1215 727 1252 are.

222 1275 265 1334 si,
279 1275 325 1324 nisi
340 1291 394 1340 quae
404 1273 466 1323 facie
475 1273 568 1340 poterit
576 1285 603 1322 te
613 1273 684 1340 digna
693 1274 787 1334 videri,

176 1367 212 1414 40
259 1349 331 1398 Nulla
340 1347 420 1398 lutura
430 1358 471 1396 rua
480 1345 532 1405 est3
543 1347 608 1395 nulla
616 1347 697 1396 fertura
710 1357 751 1397 tua
759 1347 805 1400 est.

221 1421 271 1480 At,
283 1437 321 1470 me
333 1419 387 1470 crim
395 1421 491 1488 legeres
500 1453 508 1478 ,
518 1420 592 1469 etiam
605 1419 709 1469 formosa
716 1421 816 1476 vldebar
826 1437 834 1474 a

258 1493 337 1544 Unam
349 1493 443 1558 jurabas
454 1493 528 1560 usque
544 1493 633 1542 decere
644 1494 720 1560 loqui.

223 1567 355 1618 Cantabam
367 1601 374 1626 ,
388 1567 486 1616 memini
499 1567 679 1624 meminerunt
691 1568 771 1618 omnia
784 1580 894 1618 amantes
907 1583 915 1620 a

261 1640 353 1691 Oscula
362 1640 467 1690 cantanti
477 1651 503 1689 ru
514 1639 571 1688 milri
581 1651 650 1704 rapta
658 1639 741 1690 dabasa

176 1730 210 1778 45
224 1714 285 1764 Haec
300 1729 397 1781 quoque
408 1713 521 1762 laudabas
532 1728 540 1762 t
553 1713 665 1778 omnique
678 1729 692 1761 a
708 1724 778 1779 parte
787 1715 914 1780 placebam
924 1709 941 1765 2'
1005 1736 1006 1759 r

259 1787 307 1836 Sed
317 1799 368 1836 tum
377 1786 515 1854 precipue,
526 1785 580 1835 edm
588 1783 616 1836 fit
625 1787 723 1836 Amoris
736 1803 808 1853 opus.

221 1861 293 1911 Tunc
301 1873 326 1910 re
332 1862 386 1928 plus
400 1857 470 1910 solito
481 1858 577 1909 lascivia
584 1857 663 1909 nostra
671 1858 786 1925 juvabat,

258 1934 398 2000 Crebraque
412 1933 534 1984 mobilitas
544 1965 552 1991 ,
562 1945 666 2000 aptaque
677 1935 752 1984 rerba
764 1933 842 2000 joco:

221 2007 336 2074 Quique,
347 2008 388 2057 ubi
397 2005 444 2074 jam
452 2008 574 2056 amborum
583 2004 662 2057 fuerat
672 2008 794 2058 consumta
803 2010 935 2076 voluptas,

178 2097 211 2145 50
260 2081 376 2131 Plurimus
385 2081 409 2130 in
419 2079 476 2130 laiso
488 2093 592 2146 corpore
602 2082 705 2149 languor
716 2094 778 2132 erat.

219 2155 293 2204 Nunc
301 2155 346 2204 tibi
360 2154 477 2204 Sicelides
486 2151 603 2212 veniunt',
614 2169 677 2203 nova
689 2155 787 2220 praeda,
798 2157 896 2220 puellae.

257 2225 323 2290 Quid
332 2227 389 2276 mihi
400 2243 453 2277 cum
463 2227 565 2277 Lesbo?
575 2227 661 2277 Sicelis
671 2227 719 2278 elle
730 2230 799 2278 volo.

81 2317 83 2324 ·
184 2347 188 2351 .
219 2297 254 2350 At
263 2317 307 2350 vos
318 2315 430 2350 erronem
438 2301 527 2350 tellure
537 2300 653 2350 remittite
662 2300 787 2359 nostrum,
826 2309 831 2318 “

257 2371 368 2423 Nisiades
380 2385 483 2433 matres,
496 2373 656 2440 Nisiadesque
666 2376 762 2425 nurus.'

178 2461 208 2510 55
221 2447 277 2496 Neu
287 2461 332 2496 vos
344 2446 465 2514 decipiant
474 2447 567 2497 blandae
577 2447 701 2497 mendacia
711 2450 800 2516 lingue
814 2462 822 2499 a

258 2518 321 2583 Quae
329 2519 389 2570 dicit
397 2521 481 2579 vobis,
495 2520 591 2571 dixerat
600 2531 656 2571 ante
671 2521 739 2571 rnrlri.

219 2591 260 2644 Tu
269 2609 367 2659 quoque
375 2592 916 2662 quaernontescelebras,Erycina,8icanos,

257 2667 319 2715 Nam
328 2678 370 2718 rua
379 2667 445 2727 ium,
461 2669 512 2716 uati
528 2667 642 2726 consule,
654 2668 719 2717 Diva
731 2678 804 2726 ‚tuae.

221 2737 259 2790 An
272 2741 349 2806 gravis
362 2740 484 2807 inceptum
493 2741 587 2808 peragit
595 2741 691 2792 fortuna
699 2738 835 2790 tenorem?
1006 2762 1007 2819 q

178 2809 212 2862 60
260 2811 380 2864 Etmanes
390 2813 415 2862 in
425 2813 493 2862 cursu
504 2813 690 2880 semperacerba
700 2811 761 2863 suo?
1005 2828 1007 2873 l

222 2884 271 2935 Sex
283 2885 340 2934 mihi
350 2889 441 2936 natales
451 2886 528 2936 lerant
538 2920 546 2944 ,
557 2884 679 2935 crinalelia
687 2885 795 2952 parentis

257 2957 323 3009 Ante
335 2959 397 3010 diem
407 2959 525 3028 lacrymas
536 2959 672 3011 effabibere
682 2974 758 3014 meaa·
