2034 3709
28 205 29 212 ἵ
111 274 115 284 ·
189 257 570 328 HrnornrnEr.
596 259 688 330 XV.
750 261 800 354 67

87 374 158 429 Arsit
169 375 240 443 inops
255 376 346 434 irater,
357 387 442 442 captus
453 377 586 427 meretricis
595 392 696 428 amoret

126 449 256 517 Mixtaque
266 467 319 500 curn
330 451 394 516 turpi
405 450 490 500 darnna
498 451 591 518 pudore
599 451 662 500 tulit.

89 524 176 576 Fadius
187 524 257 591 inops
268 524 327 592 agili
334 523 429 592 peragit
442 523 504 573 sreta
515 525 605 574 cerula
613 540 697 584 rernm
809 524 843 588 65

127 595 243 664 Quasque
256 599 317 648 male
326 596 405 647 amisit
415 630 422 655 ,
433 613 499 648 nunc
510 600 572 648 mule
580 598 665 666 querit
674 615 742 664 opes.

88 669 135 720 Me
145 687 261 738 quoque,
273 671 339 738 quod
350 671 433 720 monui
440 671 503 720 bene
516 671 591 721 multa
601 669 724 733 sideliter,
735 672 785 722 odit
798 686 807 723 t

127 743 184 794 Hoc
194 745 251 794 mihi
259 744 371 804 libertas,
383 745 431 794 hoc
440 744 479 808 pia
489 745 571 813 lingua
580 745 657 796 dedit.

88 815 122 867 Et
134 829 250 884 tanquam
259 818 354 877 desint,
367 836 420 885 quae
433 835 472 868 me
483 818 593 869 sinefine
603 819 721 888 fatigent,

127 890 274 941 Accumulat
283 907 353 942 curas
366 891 414 940 tilia
424 909 498 957 parva
506 908 572 942 meas
583 907 591 942 t
810 906 845 954 70

88 963 184 1014 Ultima
193 977 221 1014 tu
229 963 314 1014 nolitis
323 965 420 1014 accedis
431 964 500 1014 causa
511 965 627 1031 querelis.

127 1037 186 1087 Non
196 1039 275 1105 agitur
286 1051 361 1088 vento
372 1037 449 1088 nostra
462 1038 544 1088 carina
555 1039 607 1089 suo.

88 1108 174 1169 Ecce,
187 1109 269 1177 jacent
280 1113 345 1161 collo
355 1111 427 1177 sparsi
436 1111 489 1160 sine
498 1112 553 1178 lege
567 1111 647 1178 capilli
654 1127 663 1169 3

125 1185 181 1234 Nec
190 1185 279 1250 premit
289 1184 403 1234 articulos
417 1183 497 1234 lucida
507 1201 600 1251 gemma
609 1201 690 1234 meos.

85 1255 164 1310 Velie
173 1269 245 1325 tegor
255 1259 297 1308 vili
308 1275 315 1308 :
327 1259 417 1308 nullum
428 1257 461 1307 esi
473 1257 498 1306 in
508 1257 613 1308 crinibus
622 1271 726 1311 auttuttt
808 1273 841 1321 75

125 1331 183 1382 Non
193 1329 275 1381 Arabo
284 1330 363 1381 noller
370 1347 427 1380 rore
437 1331 536 1396 capillus
546 1332 608 1382 olet.

86 1401 136 1454 cui
148 1405 215 1454 colar
225 1403 332 1454 infelix?
343 1417 385 1454 aut
396 1404 435 1453 cui
442 1396 561 1478 placuisse
566 1405 674 1455 laborem
684 1401 698 1454 i

124 1477 169 1527 llle
178 1477 226 1527 mei
237 1478 315 1528 cultus
328 1478 412 1527 unicus
421 1477 504 1527 audior
511 1476 585 1527 abest.

84 1548 167 1600 Molle
178 1568 257 1602 meunt
266 1552 359 1601 levibus
371 1567 413 1600 cor
422 1549 456 1600 esi
466 1551 580 1600 violabile
590 1548 646 1600 telis
656 1566 664 1601 t

123 1625 156 1674 Et
165 1625 259 1689 semper
268 1624 337 1673 causat
346 1623 393 1682 est,
406 1640 448 1674 cur
459 1639 506 1692 ego
518 1624 613 1689 semper
621 1639 710 1676 amem.
807 1622 842 1675 80

86 1695 145 1746 Sive
154 1697 187 1746 ita
196 1698 304 1748 nascenti
314 1699 392 1763 legem
401 1697 483 1747 dixere
498 1697 601 1747 Sorores
612 1713 622 1756 ς

123 1771 179 1821 Nec
190 1771 244 1822 data
261 1771 314 1820 sunt
324 1771 380 1820 vitae
387 1769 427 1820 fila
439 1770 523 1820 severa
533 1785 613 1820 meet

84 1842 143 1894 Sive
157 1846 247 1896 abeunt
259 1845 332 1894 studia
348 1843 372 1894 in
386 1861 465 1894 mores
476 1878 483 1903 ,
495 1856 608 1909 artesque
616 1842 750 1912 magilis-'23

122 1918 327 1986 Ingeniumnobis
338 1920 411 1967 molle
423 1915 586 1967 Thaliasacit.

85 1989 154 2055 Quid
164 1993 263 2050 mirum,
274 1993 356 2058 primae
365 1992 385 2042 si
396 2007 434 2041 rne
444 1991 560 2058 lanuginis
568 2001 627 2040 etas
805 1989 837 2052 85

121 2064 238 2122 Abstulit,
248 2077 323 2132 atque
335 2066 407 2123 anni,
419 2081 479 2132 quos
490 2066 528 2114 vir
537 2079 618 2113 amare
627 2059 729 2130 petest?

83 2137 159 2188 Hunc
168 2155 199 2188 ne
210 2155 255 2206 pro
267 2139 377 2205 Cephalo
385 2155 499 2204 raperes,
512 2138 606 2187 Aurora
616 2169 624 2194 ,
636 2137 758 2187 timebam.
828 2159 830 2164 ·

120 2212 154 2262 Et
167 2212 260 2262 iaceres
275 2212 334 2262 :sed
347 2224 372 2261 te
384 2213 460 2276 prime
473 2213 557 2276 rapina
569 2223 648 2260 tenet.

82 2283 157 2334 Hunc
169 2286 190 2336 si
200 2285 331 2351 conspicias
341 2320 349 2341 ,
361 2299 414 2352 quae
425 2285 544 2351 conspicis
554 2284 650 2343 omnia,
662 2280 754 2334 Pboebe
765 2299 774 2342 3

121 2357 199 2410 Jusl'us
211 2361 256 2410 erit
265 2358 360 2409 somnos
372 2357 516 2408 continuare
526 2357 619 2407 Plraon.
802 2369 837 2420 90

82 2431 158 2483 Hunc
168 2431 252 2484 Venus
261 2433 285 2484 in
294 2433 382 2483 coelurn
393 2447 463 2482 curru
475 2430 579 2481 vexisset
588 2432 698 2489 eburno;

120 2505 171 2555 Sed
179 2506 246 2556 videt
256 2507 280 2556 δι
290 2507 366 2557 Marti
376 2505 442 2572 polle
449 2507 547 2572 placere
555 2504 607 2555 suo.
679 2528 683 2534 ·

82 2578 110 2630 0
120 2595 166 2628 nec
176 2579 253 2630 adhuc
262 2579 373 2647 juvenis,
387 2591 432 2630 nec
442 2579 489 2645 jain
500 2578 576 2647 puer!
589 2575 735 2628 utilitates!

121 2652 147 2702 Ο
159 2652 250 2712 decus,
262 2666 335 2720 atque
347 2654 394 2704 evi
409 2654 484 2721 gloria
495 2669 579 2720 inagna
588 2653 624 2702 tui
636 2653 642 2700 l

80 2725 206 2778 Hucades
216 2747 225 2790 ;
236 2727 308 2794 inque
317 2729 382 2778 sinus
393 2761 400 2786 ,
413 2727 534 2785 formose,
548 2726 658 2775 relabere
668 2723 770 2775 nostros.
800 2735 835 2786 95

119 2802 177 2851 Non
189 2814 307 2859 ut·arnes‚
324 2817 382 2860 oro,
396 2799 479 2851 verim
494 2813 523 2850 ut
533 2815 613 2849 amare
627 2799 699 2850 sinas.

81 2874 228 2933 Scribimus,
240 2875 266 2924 δι
280 2875 393 2942 lacrymis
405 2875 469 2924 oculi
479 2884 592 2924 rorantur
601 2871 704 2921 obortis.

117 2947 223 3016 Aspice,
236 2950 306 3015 quim
316 2948 349 3001 sit
359 2947 384 2999 in
396 2949 444 3001 hoc
458 2947 533 2997 multa
543 2947 613 2996 litura
622 2946 690 2996 loco.
