2034 3709
191 257 268 330 270
320 235 527 306 Ortum
556 233 807 303 anortts

190 356 265 406 Nunc
280 354 390 420 leporem
406 369 509 419 pronum
526 355 607 403 catulo
625 352 712 403 sesiare
728 353 828 421 sagaci;

229 428 302 478 Nunc
316 439 358 476 tua
373 427 497 477 frondosis
513 428 573 476 retia
589 426 664 476 tende
678 426 752 494 jugis.

192 500 244 551 Aut
260 500 443 569 pavidosfterre
460 500 527 550 varii
543 498 671 550 formidine
688 516 800 559 cervos3

228 572 280 623 Aut
296 575 367 624 cadat
383 573 486 623 adversi
502 572 599 640 cuspide
616 572 689 623 solius
705 590 774 639 aper.

132 662 165 698 20
170 661 183 709 5
193 648 273 700 Notte
288 647 415 715 fatigatum
431 646 546 705 somnus,
563 662 612 696 non
629 646 813 711 cura'puellae,

230 720 350 786 Exeipit3
369 720 495 788 &pingui
513 722 618 770 membra
634 720 715 785 quiete
733 720 810 769 levat.

193 796 285 845 Lenius
301 794 334 843 esi
347 793 466 853 studium,
485 794 586 843 studium
601 805 701 851 tamen,
717 794 775 844 alite
792 789 886 859 capti,

232 867 282 917 llut
296 867 365 926 lino,
382 879 424 917 aut
437 868 533 918 calamis
550 866 646 933 premia
662 883 736 933 parva
752 866 829 933 sequi.

194 941 265 999 Vel,
283 956 336 1005 que
352 941 422 1006 piscis
440 941 501 991 edax
518 941 590 991 avido
607 942 669 989 male
685 940 789 991 devoret
806 956 874 998 ore,

134 1025 187 1063 210
231 1014 331 1063 Abdere
346 1014 461 1080 supremis
476 1032 525 1065 aera
540 1030 642 1065 recurva
659 1013 728 1064 cibis.

196 1087 247 1138 Aut
262 1087 319 1143 his,
336 1100 379 1137 aut
394 1088 467 1145 aliis,
487 1088 566 1137 donee
584 1087 684 1137 dediscis
699 1102 799 1145 amare,

233 1159 287 1227 lpse
302 1160 346 1209 tibi
361 1161 444 1211 surtim
460 1160 616 1227 decipiendus
633 1160 690 1211 eris.

196 1234 237 1285 Tu
251 1246 345 1284 tantum
359 1235 386 1292 i,
402 1234 511 1300 quamvis
525 1232 597 1285 firmis
613 1234 752 1283 retinebere
766 1232 854 1282 vinclis
866 1248 874 1284 ε

234 1308 245 1357 l
263 1309 369 1374 procul,
386 1307 413 1357 &
429 1309 513 1375 longas
530 1324 630 1373 carpere
647 1322 723 1375 perge
737 1307 799 1356 vias.

136 1390 187 1439 215
197 1381 298 1438 Flebis,
317 1392 345 1430 ot
361 1392 476 1431 occurret
492 1380 593 1432 destttae
608 1396 698 1430 nomen
714 1380 820 1437 amicas

235 1454 313 1504 Stabit
329 1452 355 1503 δι
372 1454 396 1503 in
412 1454 492 1503 media
506 1471 550 1520 pes
565 1454 608 1504 tibi
624 1455 687 1520 saepe
702 1451 751 1505 via.

197 1527 246 1579 Sed
264 1538 355 1593 quanto
371 1528 449 1581 minus
464 1527 500 1576 ire
516 1528 606 1586 voles,
622 1528 696 1595 magis
712 1527 748 1577 ire
766 1538 914 1581 mementor

234 1599 338 1659 Petser,
357 1600 383 1651 bt
400 1600 490 1651 invitos
506 1616 605 1652 currere
622 1617 685 1669 coge
700 1600 787 1665 pedes.

197 1675 253 1725 Nec
269 1675 362 1739 pluvias
376 1673 439 1724 vites
453 1689 463 1723 t
478 1686 567 1725 necte
583 1674 710 1742 peregrina
725 1685 853 1723 morentur

135 1757 189 1793 2²0
235 1747 357 1806 Sabbata,
375 1764 422 1797 nec
439 1747 529 1798 damnis
545 1746 610 1798 Allia
626 1759 684 1797 nota
700 1746 756 1797 suis.

197 1821 253 1872 Nec
264 1832 324 1886 quot
333 1820 471 1880 transieris,
483 1820 525 1871 sed
535 1832 595 1887 quot
604 1820 664 1879 tibi,
676 1834 771 1887 quere,
782 1819 916 1885 supersint,

136 1955 167 1970 Π
210 1944 215 1949 ,
235 1894 315 1945 Millia
329 1911 338 1946 t
352 1911 419 1953 nec.
437 1910 534 1946 maneas
549 1906 576 1945 ut
590 1909 687 1961 prope,
702 1891 767 1961 linge
783 1910 876 1945 moras.

198 1962 323 2035 Tempora
333 1984 379 2019 nec
389 1984 489 2018 numera
500 2000 508 2027 ,
528 1982 575 2019 nec
586 1964 674 2019 ctebtd
683 1966 777 2034 respice
787 1966 893 2018 Romam
905 1984 916 2027 ;

238 2041 287 2091 Sed
297 2042 354 2109 fuge
366 2059 373 2093 ε
384 2053 452 2092 tutus
463 2042 541 2091 adhuc
551 2041 653 2092 Parthus
663 2043 693 2092 ab
703 2040 771 2091 hoste
782 2040 840 2109 fugi
850 2042 898 2093 est.

138 2122 189 2171 225
201 2114 272 2165 Dura
285 2115 369 2182 aliquis
382 2127 505 2183 praecepta
518 2128 593 2165 vocet
607 2130 680 2175 meu
697 2115 756 2164 dura
772 2115 879 2167 fatemur

238 2187 314 2239 Esse:
331 2189 391 2248 sed,
408 2190 550 2251 ut‚valeas‚
571 2188 645 2239 multa
662 2188 765 2239 dolenda
780 2189 858 2241 feres.

200 2260 270 2326 Saepe
284 2263 333 2311 bibi
348 2262 451 2320 succos,
470 2261 577 2327 quamvis
592 2262 700 2321 invitus,
717 2278 811 2313 amaros

236 2332 335 2401 AEger3
356 2336 382 2385 ἃ
397 2336 476 2384 oranti
492 2336 572 2385 mensa
587 2346 675 2403 negate
691 2334 757 2385 mihi.

201 2406 238 2457 Ut
256 2424 344 2473 corpus
358 2408 480 2467 redimas,
501 2409 591 2458 serrum
609 2407 705 2475 patieris
724 2408 750 2459 dt
766 2406 859 2477 ignes3

140 2488 193 2541 230
238 2481 313 2529 Arida
328 2497 376 2531 nec
391 2482 474 2531 sitiens
490 2498 534 2532 ora
548 2483 639 2533 levabis
655 2480 740 2547 aquia

202 2553 239 2605 Ut
254 2555 336 2605 valeas
352 2553 452 2614 animo,
469 2556 596 2621 quicquam
612 2556 718 2606 tolerare
736 2552 860 2623 negabis?

238 2626 274 2678 At
288 2628 392 2693 pretium
408 2644 463 2694 pars
477 2631 532 2678 lraec
547 2644 652 2697 corpore
668 2627 744 2694 majus
760 2629 847 2681 habet,

203 2699 254 2753 Sed
269 2712 350 2753 temen
366 2698 399 2751 esi
413 2700 470 2752 ertis
485 2701 626 2755 sirislissima
641 2700 713 2770 janua
729 2700 835 2762 nostrae,

240 2774 273 2825 Et
287 2776 357 2826 labor
373 2772 406 2824 eli
420 2790 482 2825 unus
498 2787 607 2843 tempora
624 2774 700 2843 prima
715 2774 775 2841 pati.

143 2855 194 2911 235
205 2845 319 2914 Aspicis,
336 2861 364 2899 ut
378 2847 477 2914 prensos
492 2862 564 2899 urant
581 2849 636 2917 juga
652 2848 729 2915 prima
744 2844 891 2912 juvencos?

241 2921 278 2973 Ut
292 2940 357 2976 nova
371 2922 483 2973 velocem
499 2922 595 2991 cingula
610 2923 682 2975 ledat
697 2918 811 2989 equumi
