2034 3709
203 263 283 336 274
333 241 547 311 Orrnrr
570 240 822 312 Nasonis

142 375 176 428 34
181 379 192 425 5
204 368 290 431 Sepe,
301 362 343 413 ubi
352 362 398 420 sit,
410 361 476 428 quod
485 376 561 419 ames,
571 359 636 409 inter
644 371 694 409 tam
702 362 788 421 multa,
798 362 924 431 requiras.
999 412 1000 422 ,

240 437 343 502 Decipit
355 436 402 486 luc
419 434 598 502 oculos‚aegide
614 432 684 483 dives
700 433 788 486 Amor.

204 508 349 578 Improvisus
365 510 445 566 aden
463 508 599 574 deprendes
616 518 683 557 tutus
699 507 840 561 inermem:

241 584 330 634 Infelix
343 583 408 633 vitiis
424 582 522 631 excidet
536 581 576 631 illa
592 580 649 633 suis.

204 658 260 708 Nec
268 669 350 707 tameo
357 656 414 706 lruic
422 653 518 705 nimidm
528 666 653 721 praecepto
663 654 765 705 credere
773 667 860 707 tutum
870 656 905 707 est
915 676 924 716 ς

143 746 196 799 350
240 731 312 781 Fallit
328 730 391 780 enim
407 731 497 778 multos
511 730 588 779 sonna
603 729 655 777 sine
671 740 724 777 arte
741 729 847 780 decens.

204 804 269 855 Tum
278 819 395 870 quoque,
411 801 465 852 edm
475 802 560 868 positis
576 802 615 851 lua
626 802 728 852 collinet
737 818 780 852 ora
794 805 925 864 uenenis,
1000 802 1001 847 l

240 877 280 927 Ad
294 877 396 927 domine
409 876 509 933 vultus,
528 873 600 939 (nec
615 874 694 941 pudor
707 874 805 934 obstet,
821 878 834 944 )
851 894 906 928 eas.
1000 870 1001 873 ¹

204 949 309 1019 Pyxidas
324 950 452 1008 invenies,
473 948 499 1001 ὅ(
515 964 595 999 rerum
610 949 675 998 mille
693 949 816 1008 colorem

240 1024 273 1075 Et
287 1024 364 1075 lluere
379 1022 405 1072 in
420 1022 518 1091 tepidos
535 1021 617 1091 oel'ypa
633 1021 695 1087 lapsa
712 1022 789 1073 sinus.

142 1111 156 1163 3
162 1115 174 1161 5
180 1113 193 1161 5
204 1098 249 1151 llla
262 1111 316 1148 tuas
329 1097 460 1155 redolent,
476 1094 587 1156 Phineu,
602 1095 759 1146 medicamina
774 1096 873 1146 mensas
884 1098 906 1149 τ’

240 1173 299 1223 Non
315 1172 390 1222 semel
407 1170 464 1220 hinc
478 1170 600 1219 stomacho
616 1170 702 1219 nausea
717 1169 779 1219 salla
795 1188 865 1220 meo.

201 1248 275 1298 Nunc
288 1245 351 1305 tibi,
369 1261 422 1313 quae
438 1244 520 1293 medio
534 1244 640 1295 Veneris
655 1242 796 1309 praestentur
812 1245 838 1293 in
855 1244 921 1304 usu,

239 1320 346 1387 Eloquar
362 1334 370 1370 s
387 1334 418 1369 ex
434 1318 499 1368 omni
513 1328 582 1383 parte
597 1317 715 1385 fugandus
730 1334 810 1367 amor.

201 1391 282 1443 Multa
293 1392 390 1458 quidem
401 1408 432 1442 ex
443 1391 490 1441 illis
500 1391 579 1456 pudor
590 1390 623 1440 est
633 1390 690 1440 mihi
700 1389 783 1441 dicere
796 1407 805 1442 t
819 1391 862 1441 sed
873 1403 902 1443 tu
1002 1433 1003 1443 ἶ

142 1462 193 1529 360
238 1465 341 1531 Ingenio
357 1464 436 1515 verbis
453 1464 558 1530 concipe
574 1464 643 1530 plura
658 1465 729 1515 meis.

201 1539 288 1603 Nuper
301 1539 364 1589 enim
381 1538 475 1589 nostros
492 1538 587 1605 quidam
602 1538 711 1604 carpsere
725 1536 844 1597 libellos,

238 1609 351 1676 Quorum
367 1610 467 1662 censuri
482 1611 554 1661 Musa
570 1624 685 1676 proterva
700 1628 755 1662 mea
772 1610 816 1661 est.

200 1684 342 1735 Dummodo
356 1686 391 1735 sic
406 1686 533 1752 placeam,
552 1685 608 1734 dum
622 1696 679 1735 toto
694 1698 777 1735 canter
792 1685 818 1734 in
836 1686 919 1744 orbe';

240 1757 315 1823 Quod
331 1760 419 1817 volet,
437 1759 580 1825 impugnent
595 1774 657 1809 unus
675 1760 700 1810 ἀ
717 1760 780 1809 alter
795 1775 870 1825 opus.

139 1828 176 1896 36
181 1846 193 1894 5
203 1830 328 1899 Ingenium
342 1832 422 1901 magni
437 1830 555 1881 detredlat
571 1830 646 1883 Livor
662 1832 784 1883 Homeri:

199 1902 860 2048 21‘ellusrgenlrffsslssrnnal⁵²*

793 2012 801 2036 ἲ

235 2048 340 2102 Pertulit
354 2053 402 2103 buc
417 2052 513 2111 villos,
533 2068 582 2119 quo
598 2053 679 2113 duce,
697 2053 775 2120 Troja
792 2054 877 2104 Deos.

200 2124 295 2175 Summa
311 2126 374 2193 petit
388 2126 463 2177 Livor
478 2140 486 2176 τ
501 2124 606 2192 perdant
622 2126 734 2178 altissima
748 2128 839 2185 venti3

138 2211 190 2264 370
236 2199 332 2250 Summa
346 2210 433 2265 petunt
449 2199 534 2250 dextrd
548 2200 647 2253 fulmina
663 2200 726 2251 milla
740 2200 818 2253 lovis.

201 2270 236 2323 At
245 2284 291 2332 tu,
309 2272 454 2340 quicumque
465 2290 511 2331 es,
530 2288 601 2341 quem
611 2273 688 2325 nollra
699 2274 795 2325 licentia
805 2274 873 2325 laedit
883 2290 895 2333 a

121 2403 125 2408 ι
235 2345 262 2394 Si
276 2346 356 2413 sapis,
376 2346 406 2395 ad
421 2360 535 2396 numeros
552 2347 622 2414 exige
638 2348 743 2415 quidque
761 2348 828 2402 suos.

197 2417 280 2469 Fortia
297 2418 407 2468 Maeonio
424 2420 530 2488 gaudent
545 2421 610 2487 pede
625 2422 688 2472 bella
704 2422 810 2471 referri:

234 2490 339 2541 Deliciis
353 2492 402 2541 illic
419 2492 471 2559 quis
487 2495 557 2543 locus
575 2492 623 2543 else
638 2493 739 2561 potest?

135 2576 169 2629 37
173 2579 186 2627 5
200 2562 298 2617 Grande
306 2563 390 2614 sonant
396 2564 513 2633 Tragici:
525 2566 631 2634 tragicos
639 2568 711 2619 decet
717 2570 751 2618 ira
759 2568 906 2621 cothurnos:

192 2700 197 2709 1
234 2637 325 2688 Usibus
340 2653 355 2687 e
371 2638 456 2689 mediis
472 2638 558 2690 soccus
572 2641 697 2692 habendus
717 2643 772 2693 erit.

196 2710 270 2761 Liber
285 2710 310 2761 in
325 2711 438 2761 adversos
454 2711 535 2763 helles
551 2712 677 2782 stringatur
693 2717 808 2776 lambus;
887 2708 892 2717 ’

235 2784 284 2834 Seu
300 2784 385 2844 celet,
405 2797 539 2835 extremum
556 2788 596 2837 seu
613 2789 692 2845 trahat
708 2791 749 2841 ille
764 2790 863 2855 pedem.

196 2854 286 2907 Blanda
303 2858 455 2925 pharetratos
472 2858 574 2927 Elegeia
589 2873 672 2912 cantet
687 2863 812 2917 Amores:
876 2855 878 2865 ¹

136 2927 189 2992 380
234 2930 266 2980 Et
282 2931 344 2983 levis
361 2931 460 2985 arbitrio
476 2932 544 2984 ludat
561 2934 635 2985 antica
653 2934 706 2991 suo.
