2034 3709
397 236 470 301 VJ
497 230 521 301 t
547 248 587 301 A.
845 262 870 310 v

107 360 176 407 natu
192 342 321 425 majores
341 348 431 411 coluit
449 396 459 425 ,
483 372 518 411 ac
534 351 662 411 vicissim
679 369 697 408 a
712 348 874 411 minoribus

106 446 198 507 cultus
223 446 274 509 est.
296 447 430 531 Maiores
451 469 551 514 autem
569 451 630 533 ipse
650 448 783 532 indicat,
804 448 874 511 Ma·

106 567 188 607 erum
203 592 213 621 ,
228 546 413 629 Propertium
431 551 484 611 sibi
502 549 567 633 jure
581 550 707 614 sodalitii
723 548 875 631 junilum,

107 638 262 709 Ponticum
292 650 325 711 &
356 652 499 729 Bassum,
531 654 626 714 dulcia
655 648 805 714 conviiiits
833 651 876 712 sui

106 749 239 811 membra
257 796 267 826 ,
293 752 472 827 Horatium,
490 752 672 835 Virgilium,
696 773 785 835 quem
804 769 873 817 tan-

106 849 170 909 tiim
189 852 285 927 vidit',
304 853 424 917 Gallum
445 873 479 911 ac
498 850 661 913 Tibullum.
823 840 828 850 ⁴

147 948 328 1016 INGEMo
354 956 434 1030 fuit,
456 976 524 1017 cum
547 956 671 1037 primis,
696 953 735 1015 ad
757 955 874 1037 po'e‘sim

105 1049 274 1143 ¹felicissimo
290 1080 300 1131 ;
321 1057 371 1119 sed
389 1056 470 1141 quod
486 1057 542 1117 sibi
559 1057 680 1116 nimiiim
697 1054 875 1139 quandoque

105 1150 300 1237 indulgebat:
319 1176 445 1241 corpore
462 1158 564 1233 tenui,
583 1156 739 1239 neruisque
757 1174 878 1235 compa·

31 1314 36 1337 ἱ
107 1252 165 1317 tto.
192 1254 298 1319 Romae
319 1255 460 1319 habitavit
484 1254 564 1337 juxta
586 1252 767 1341 Capitulium
782 1276 790 1314 :
803 1252 875 1314 hor-

105 1370 152 1415 tos
169 1377 264 1439 prope
280 1360 360 1419 viam
371 1356 544 1417 Flaminiam
556 1356 667 1418 habuit.
679 1356 757 1419 Tres
770 1357 800 1415 in
813 1349 876 1415 ma·

105 1456 277 1519 trimonium
301 1460 382 1521 duxit
403 1478 510 1526 uxores
530 1458 628 1519 :duas
651 1457 771 1541 quidem
793 1450 875 1538 prio·
966 1458 971 1467 “

105 1571 153 1615 res
166 1601 176 1632 ,
191 1556 268 1619 failo
285 1558 434 1633 divortio,
449 1556 634 1639 repudiavit3
651 1562 792 1631 tertiam,
809 1558 876 1639 qui-

104 1676 173 1717 cum
190 1660 382 1722 amantissime
404 1660 437 1720 &
457 1657 691 1742 conjunilissime
709 1660 809 1735 vixit,
836 1658 874 1717 ad

104 1774 236 1819 mortem
256 1780 348 1843 usque
364 1759 504 1823 retinuit:
519 1779 557 1820 ex
572 1759 666 1843 eique
682 1762 772 1823 etiam
784 1756 874 1818 filiam

104 1857 231 1935 habuit,
253 1860 285 1921 δι
305 1862 377 1921 alios
399 1860 508 1923 liberos
527 1862 584 1923 unal
604 1883 672 1923 cum
691 1880 784 1923 uxore
805 1858 875 1918 reli-

105 1958 168 2020 ilos
184 2005 193 2035 ,
213 1980 303 2041 quum
319 1962 379 2044 ipse
395 1964 540 2047 relegams
557 1960 610 2025 est'.

146 2060 344 2123 PROPTER
367 2064 518 2145 ingenium
540 2084 574 2123 ac
602 2066 706 2125 miram
727 2057 876 2143 pangendi

103 2160 203 2225 versus
227 2162 395 2224 facilitatem
417 2163 471 2224 fuit
490 2166 632 2228 universis
652 2177 748 2246 gratus
767 2160 801 2219 &
822 2180 876 2219 ac-

103 2278 228 2343 eeptus3
240 2260 294 2324 soli
302 2261 434 2349 Augusto
452 2265 576 2340 invisus,
588 2286 606 2325 a
619 2286 679 2348 quo
693 2282 786 2325 annos
799 2260 874 2320 duos

104 2360 140 2424 &
157 2362 360 2445 quinquaginta
373 2382 475 2440 natus,
492 2362 615 2428 Tomim
630 2365 776 2447 relegatus
789 2358 830 2420 est
844 2361 875 2417 in

102 2463 210 2528 urbem
228 2460 355 2543 Scythiae
369 2464 526 2527 barbaram
549 2466 584 2527 δι
600 2463 787 2546 inhabitam.
812 2458 877 2518 Re-

101 2566 258 2649 legationis
273 2579 371 2624 autem
387 2566 469 2627 causa
484 2582 543 2626 tres
561 2565 643 2627 fliete
658 2565 724 2626 libri
742 2562 781 2623 de
800 2559 874 2621 Arte

103 2664 266 2751 Amandi,
298 2667 349 2747 qui
368 2656 467 2726 tamen
493 2662 554 2745 iam
572 2682 639 2727 ante
657 2685 750 2728 anuos
768 2663 875 2723 decem
913 2697 916 2700 -

100 2768 133 2827 in
151 2766 255 2849 vulgus
274 2769 429 2829 exierant:
448 2762 500 2825 sed
520 2784 592 2826 vera
611 2764 695 2828 causa
718 2763 773 2823 alia
795 2760 874 2835 fuit,

68 2852 71 2857 ¹
98 2866 190 2949 culpa
200 2851 308 2957 scilic—et
319 2888 399 2943 ,non
411 2870 508 2950 poe'tae
521 2865 595 2944 ‚sed
601 2866 726 2931 alterius.
738 2860 786 2922 Sic
795 2862 874 2923 euim
931 2931 935 2952 ι

99 2968 162 3053 ipse
174 2966 268 3031 Trist..
281 2989 310 3033 2.
327 2954 407 3051 103(
464 2956 472 2964 ⁵
686 2958 747 3043 aiij
822 2953 827 2959 ¹
