2034 3709
144 203 306 319 Dm
331 248 413 318 ΙΙΙ.
440 249 634 317 Euuou
665 210 811 345 V.'177

93 372 153 422 Nec
167 369 232 420 sacie
245 369 327 435 placet
340 368 381 417 illa
395 366 455 427 sui,
475 367 516 417 sed
532 384 614 419 amore
629 368 727 421 mariti:
826 426 830 431 ,

134 444 224 494 Nescio
239 442 317 509 quid,
335 440 400 507 quod
414 454 441 491 te
457 441 569 506 ceperit,
586 441 634 491 else
651 454 746 507 putant.

94 519 155 569 Non
163 517 241 583 proba
248 517 295 574 sit,
305 530 375 581 quam
380 514 421 563 ‘vir
431 515 525 573 servat,
537 514 578 564 sed
588 515 711 567 adultera:
721 532 776 567 cara
787 515 836 575 esst

133 592 188 657 lpse
202 590 275 640 timor
289 588 394 655 pretium
411 604 516 653 corpore
533 587 608 653 majus
625 589 708 641 habet.
819 604 854 656 30

94 664 228 731 Indignere
245 663 325 720 licet,
339 660 408 726 juvat
423 660 560 712 inconcessa
577 664 700 727 voluptas.

134 738 194 787 Sola
208 736 311 803 placet3
327 734 435 792 Timeo,
453 734 535 785 dicere
550 735 571 785 si
587 752 634 801 qua
650 735 737 802 potesi.

95 811 154 862 Nec
170 823 254 860 tamen
269 809 397 877 ingenuam
411 807 451 874 jus
466 808 500 858 esi
515 808 610 859 servare
625 812 749 876 puellam:

135 884 185 934 Hic
200 895 281 934 metus
295 894 403 932 extemae
419 898 524 948 corpora
539 883 619 950 gentis
635 894 700 950 agat.

96 956 201 1008 Scilicet
215 968 244 1007 ut
258 957 336 1023 possit
350 955 447 1015 eustos,
465 955 539 1023 Ego,
557 956 659 1015 dicere,
677 956 745 1016 seci,
820 969 853 1022 35

135 1032 166 1081 ln
182 1030 277 1080 laudem
291 1028 353 1080 servi
369 1028 430 1079 casia
447 1030 479 1079 sit
493 1031 535 1079 illa
551 1030 595 1080 tui.

97 1103 213 1155 Rusticus
229 1103 263 1153 est
279 1100 395 1161 nimidm,
413 1120 485 1169 quem
498 1102 565 1153 laedit
577 1104 686 1155 adultera
702 1101 812 1171 eonjux3

137 1178 171 1228 Et
188 1189 261 1228 notos
275 1192 357 1225 mores
373 1192 424 1226 non
440 1176 495 1227 satis
512 1177 586 1227 Urbis
602 1177 696 1228 habet:

98 1252 129 1304 ln
145 1268 193 1317 qua
208 1250 353 1317 Martigena
369 1266 420 1299 non
435 1250 488 1299 sunt
504 1250 556 1300 sine
573 1249 672 1299 crimine
689 1250 758 1310 nati,

137 1324 257 1375 Romulus
273 1324 382 1381 iliades,
400 1322 538 1388 Iliadesque
555 1322 657 1375 Remus.
820 1338 856 1385 4o

99 1397 162 1463 Qud
178 1399 224 1448 tibi
240 1396 385 1455 sonnosam,
404 1396 488 1446 sinon
502 1396 548 1449 nisi
565 1396 626 1447 casia
639 1393 775 1464 placebat?

138 1474 198 1521 Non
213 1469 308 1537 poliunt
322 1469 378 1520 ullis
392 1466 434 1519 isia
451 1468 521 1520 coire
536 1470 624 1521 modis.

100 1546 129 1597 si
145 1545 226 1611 sapis,
244 1544 343 1610 indulge
358 1543 482 1602 dominae3
499 1544 629 1610 vultusque
646 1544 743 1595 severos

138 1618 210 1669 Exue
225 1633 233 1667 t
250 1632 297 1667 nec
313 1616 385 1684 rigidi
400 1616 453 1684 jura
469 1630 539 1667 tuere
555 1617 610 1667 viri.

99 1692 135 1744 Et
147 1693 202 1741 cole
213 1724 221 1750 ,
232 1706 294 1757 quos
304 1690 399 1741 dederit
409 1724 417 1748 ,
427 1692 517 1741 multos
528 1690 593 1740 dabit
603 1707 682 1751 uxor,
695 1690 795 1744 amicos.
823 1706 855 1757 45

142 1764 231 1817 Gratia
245 1765 281 1815 sic
294 1762 392 1814 minimo
406 1780 491 1832 magna
507 1764 590 1814 labore
604 1765 681 1815 venit.

101 1839 145 1891 sic
160 1836 255 1905 poteris
267 1835 383 1903 juvenum
398 1837 509 1888 convivia
526 1836 619 1903 semper
634 1839 694 1890 inire
708 1855 716 1889 ε

140 1912 194 1971 Et,
212 1927 266 1978 que
282 1925 333 1959 non
349 1910 467 1970 dederis,
479 1911 555 1961 multa
569 1910 654 1961 videre
671 1911 746 1964 domi.
800 1962 802 1967 ,

137 2020 785 2094 «Σεθὶ-τετε»

291 2141 545 2205 ELEGIA
591 2141 634 2203 V.

103 2236 228 2358 Nox
246 2314 298 2354 erat
315 2320 323 2355 t
343 2302 479 2354 &somnus
497 2300 566 2353 lassos
583 2298 688 2351 submisit
704 2300 807 2354 ocellos.

145 2377 299 2427 Terruerunt
314 2378 418 2426 animum
433 2375 490 2425 talia
506 2375 553 2425 visa
569 2391 658 2425 meum.

106 2450 183 2501 Colle
200 2450 241 2500 sub
257 2450 359 2516 aprico,
378 2447 548 2499 celeberrimus
564 2448 619 2498 ilice
637 2449 705 2499 lucus

146 2525 252 2581 Stabat;
273 2524 337 2574 &in
353 2522 423 2572 ramis
438 2522 512 2570 multa
529 2522 618 2570 latebat
634 2521 694 2570 avis.

107 2597 176 2649 Area
190 2596 314 2665 gramineo
327 2596 423 2654 suberat
438 2594 579 2645 viridissima
593 2606 682 2660 prato,
727 2630 730 2637 -
809 2646 811 2650 ,
831 2605 845 2659 5

147 2670 228 2720 Uvida
245 2669 275 2719 de
293 2670 367 2737 guttis
383 2670 439 2718 lene
455 2666 559 2717 sonantis
576 2685 653 2733 aquae.

106 2744 163 2811 lpse
181 2742 224 2792 sub
239 2743 345 2793 arboreis
359 2742 464 2792 vitabam
478 2740 602 2791 frondibus
619 2740 720 2798 aestum3

134 2817 245 2867 'fronde
262 2815 304 2865 sub
321 2817 422 2866 arborea
439 2814 480 2863 sed
496 2828 576 2865 tamen
593 2814 661 2864 aestus
678 2824 738 2863 erat.

108 2891 198 2947 Ecce,
216 2902 302 2955 petens
317 2890 389 2938 variis
406 2888 524 2937 immixtas
541 2889 639 2937 floribus
656 2887 764 2943 herbas,

149 2960 338 3013 enumerante
355 2964 441 3013 oculos
458 2960 558 3011 candida
572 2976 647 3011 vacca
663 2976 750 3081 meosl.1
836 2975 868 3011 ro

763 3048 779 3079 V
