2034 3709
153 296 441 368 Hnnomrs.
465 301 547 371 Er.
577 304 677 373 VIL·
723 324 772 396 29

54 415 148 470 Omnia
160 430 190 468 ut
204 418 342 479 eveniant,
358 435 405 469 nec
423 430 449 467 te
462 430 502 469 tua
517 432 575 469 vota
590 437 736 484 morentur,

92 491 170 540 Unde
181 492 243 549 tibi,
260 509 314 558 que
331 505 356 542 te
370 493 406 541 sic
420 504 501 551 amet,
513 510 578 543 uxor
593 496 663 547 erit?

57 563 127 613 Uror
139 597 148 622 ,
169 577 198 613 ut
216 564 314 615 indutio
326 577 414 615 ceratae
430 566 518 616 sulfure
527 568 598 617 taedae
610 584 618 618 ε

94 638 132 687 Ut
151 638 193 702 pia
204 637 305 688 fumosis
318 640 399 688 addita
410 652 464 689 tura
479 640 552 689 focis.
603 646 606 653 “

56 707 151 761 AEneas
162 712 242 761 oculis
255 711 348 777 semper
361 712 482 779 vigilantis
497 714 621 765 inhaeret:
783 730 800 766 2
804 728 816 778 5

94 782 193 833 AEnean
211 785 292 833 anitno
309 800 407 852 noxque
422 786 474 837 dies
492 788 579 837 refert.

57 855 104 906 Ille
115 858 214 923 quidem
223 859 286 909 male
295 872 392 925 gratus,
408 859 433 909 δι
447 859 478 908 ad
495 876 547 908 mea
561 876 659 909 munera
670 860 772 922 surdus,
849 852 860 861 ²

94 928 127 979 Et
147 947 217 996 quo,
232 932 252 979 si
271 947 320 981 non
343 932 388 982 sint
402 931 487 990 stulta,
499 950 583 983 carere
597 934 667 982 velim
684 952 691 985 ε

58 1002 118 1053 Νοιι
128 1015 213 1053 tamen
226 1003 340 1063 AEnean,
355 1006 462 1071 quamvis
473 1007 535 1055 male
552 1006 658 1073 cogitat,
676 1008 717 1058 odi
728 1024 736 1059 t

91 1076 146 1143 'Sed
165 1094 256 1143 queror
268 1075 383 1137 infidum,
398 1078 526 1145 questaque
535 1079 613 1145 ,pejus
629 1096 693 1130 amo.
786 1104 820 1157 30

60 1146 136 1199 Parce
145 1182 152 1207 ‚
160 1152 248 1202 Venus
257 1184 265 1208 ,
273 1151 343 1201 nurui
350 1168 360 1209 3
368 1151 501 1217 durumque
507 1152 651 1217 amplediere
659 1152 775 1213 fratrem,
823 1177 834 1185 ν

95 1222 181 1272 frater
197 1224 297 1274 Amor:
313 1224 393 1274 castris
413 1226 502 1275 militet
520 1226 562 1274 ille
577 1226 634 1276 tuis.
738 1235 741 1244 ⁴

59 1294 110 1346 Aut
130 1312 179 1363 ego
199 1314 271 1363 quem
280 1298 359 1363 coepi,
369 1314 449 1365 neque
459 1299 523 1347 enim
533 1298 667 1367 dedignor,
679 1315 774 1359 amate,

96 1368 227 1419 Materiam
245 1388 309 1421 curae
326 1373 433 1437 ptaebeat
446 1373 489 1421 ille
502 1388 574 1423 tneae.

59 1443 160 1500 fallor,
182 1444 210 1494 dt
226 1443 268 1493 ista
286 1445 343 1493 mihi
359 1445 418 1494 falso
433 1444 536 1511 jadatur
551 1446 639 1514 imago.
787 1469 819 1523 35

95 1516 185 1565 Matris
205 1518 234 1566 ab
249 1517 348 1585 ingenio
359 1518 460 1568 dissidet
469 1518 511 1567 iile
532 1519 588 1569 suae.

59 1587 98 1638 Te
111 1590 172 1654 lapis
190 1590 218 1639 dt
234 1603 347 1650 montes,
362 1591 491 1657 innataque
501 1593 599 1658 rupibus
610 1593 664 1644 altis

94 1661 217 1721 Robora,
233 1675 260 1713 te
274 1663 344 1714 [τινα
359 1681 513 1732 progenuere
524 1666 597 1716 ferae:

60 1734 111 1786 Aut
121 1752 203 1793 mare,
219 1738 290 1801 quale
309 1737 377 1786 vides
389 1738 476 1804 agitari
484 1755 549 1787 nunc
566 1755 662 1805 quoque
671 1740 770 1800 ventis,
821 1786 824 1793 ,

95 1807 155 1871 Quo
168 1821 249 1857 tamen
270 1810 376 1859 adversis
389 1810 498 1861 fluetibus
515 1812 550 1861 ire
566 1828 645 1878 paras.
782 1828 818 1876 40

62 1879 118 1946 Qud
133 1879 223 1951 sugis?
234 1881 310 1932 obstat
324 1882 400 1933 hiems
410 1899 417 1934 ε
429 1884 515 1933 hiemis
524 1885 579 1934 mihi
594 1886 667 1951 gratia
676 1886 772 1951 prosit:

94 1954 184 2020 Aspice
195 1966 223 2003 ut
229 1954 340 2005 adversas
354 1957 463 2006 concitet
476 1957 555 2007 Eurus
566 1974 647 2023 aquas.

63 2027 136 2093 Quod
150 2028 196 2077 tibi
206 2029 348 2087 maluerint,
365 2029 417 2078 sine
435 2046 474 2079 rne
493 2030 583 2080 debere
598 2032 713 2095 procellis
728 2048 735 2083 ε

93 2100 184 2152 Justior
198 2100 232 2151 est
247 2101 328 2151 animo
342 2115 431 2152 ventus
449 2103 475 2153 ἃ
493 2104 558 2152 unda
574 2115 628 2153 tuo.

62 2174 114 2224 Non
131 2191 182 2241 ego
199 2174 250 2223 sutn
266 2174 348 2233 tanti,
366 2176 475 2242 quamvis
489 2177 619 2234 merearis,
637 2176 734 2244 inique,
786 2200 819 2250 45

93 2247 130 2297 Ut
147 2263 251 2315 pereas,
264 2246 321 2296 dum
331 2264 370 2297 me
381 2265 427 2314 per
439 2248 501 2297 freta
510 2250 582 2316 longa
593 2249 664 2316 fugis.

64 2319 168 2370 Exerces
187 2319 294 2385 pretiosa
311 2321 365 2370 odia
384 2322 410 2372 dt
429 2321 560 2371 constantia
575 2339 681 2390 magno,

95 2394 136 2451 Si,
152 2393 211 2442 dunt
224 2410 263 2442 tne
281 2410 382 2451 coreas,
399 2393 433 2444 eu
448 2394 493 2444 tibi
506 2396 557 2444 vile
575 2397 646 2447 rnori.

65 2462 112 2519 ianr
125 2466 198 2515 venti
210 2478 319 2531 ponent,
334 2465 452 2534 stratique
469 2468 595 2533 aequaliter
609 2467 688 2528 undi,

97 2538 217 2591 Caeruleis
234 2539 323 2590 Triton
336 2556 382 2605 per
399 2556 464 2589 mare
480 2552 562 2592 curret
578 2543 654 2608 equis.
788 2565 821 2615 50

65 2609 101 2662 Tu
119 2628 220 2679 quoque
240 2628 295 2661 curn
312 2612 393 2663 ventis
409 2613 502 2663 utinam
518 2616 637 2665 mutabilis
652 2616 710 2667 effes
727 2616 734 2667 Ξ

96 2685 145 2743 Et,
163 2686 211 2736 nisi
230 2685 317 2737 duritia
332 2686 422 2737 robora
437 2687 531 2746 vincis,
552 2689 609 2739 eris.

66 2754 146 2819 Quid?
167 2758 188 2808 si
205 2758 320 2809 nescieris
336 2759 415 2809 insana
429 2761 485 2824 quid
497 2778 594 2826 aequora
607 2759 721 2828 possint?

98 2830 210 2895 Expertae
224 2832 299 2882 toties
311 2835 380 2896 quam
395 2832 457 2883 mare
471 2834 550 2884 credis
563 2834 653 2901 aquae?

67 2902 114 2959 Ut,
125 2905 214 2971 pelago
227 2904 343 2954 suadente
356 2905 444 2963 etiam,
457 2907 590 2957 retinacula
602 2908 679 2958 solvas
692 2940 700 2965 ,
785 2938 818 2989 55

96 2975 273 3031 Multatamen
288 2978 352 3029 letus
367 2978 440 3030 tristia
456 2993 547 3047 pontus
563 2982 646 3031 habet.

605 3054 624 3105 B
638 3050 662 3125 iij
