2034 3709
241 240 319 330 284
356 239 578 309 ‚Ovum
604 239 856 310 ursonis

177 371 228 420 705
239 359 344 419 qubus
358 358 422 409 adest
436 375 443 408 τ
457 359 560 409 sonuere
574 358 652 424 lyrae,
668 357 771 408 sonuere
785 360 913 425 pharetrae.

277 432 349 499 Signa
363 432 445 481 Deum
460 431 535 481 nosco
549 448 594 496 per
609 431 648 480 lua
663 446 670 479 :
688 430 793 481 Phoebus
808 434 885 483 adest.

240 503 334 555 Confer
348 505 479 571 Amyclaeis
495 505 642 555 medicatum
657 505 736 553 vellus
750 505 837 555 ahenis

276 578 374 627 Murice
390 594 445 627 rum
461 577 541 644 Tyrio
557 593 565 626 :
582 576 676 643 turpius
692 578 751 627 illud
768 578 825 628 erit.

238 652 295 703 Vos
312 667 410 717 quoque
425 651 539 701 formosis
554 649 643 699 vestras
660 651 774 700 conferte
790 652 905 717 puellas:

177 735 231 785 710
276 723 382 789 Incipiet
397 723 499 774 domine
515 739 634 790 quemque
648 724 741 787 pudere
760 723 819 777 suae.

239 796 350 863 Utraque
366 797 476 847 formose
492 796 571 847 Paridi
587 808 691 863 potuere
707 796 809 855 videri;

275 870 325 920 Sed
340 870 385 920 sibi
400 872 514 921 collatam
527 870 587 919 vicit
601 881 727 935 utramque
742 870 843 921 Venus.

238 943 294 993 Nec
305 943 378 993 lolam
388 943 475 993 faciem
486 960 496 1001 3
515 959 595 993 mores
606 958 703 1008 quoque
718 943 805 993 confer
816 944 842 994 δι
851 957 942 994 artem:
1001 956 1002 1009 l

275 1014 381 1065 Tantiim
396 1015 488 1081 judicio
504 1033 535 1066 ne
551 1028 607 1065 tuus
623 1016 687 1065 obsit
701 1032 781 1069 amor.

176 1100 228 1149 715
239 1088 360 1155 Exiguum
369 1089 403 1139 eli
413 1122 421 1147 ,
432 1090 499 1155 quod
506 1089 593 1139 deinde
604 1105 686 1138 canam
698 1104 706 1137 ε
719 1089 759 1138 sed
769 1090 864 1154 profuit
874 1091 931 1139 illud

274 1161 394 1230 Exiguum
409 1162 510 1221 multis,
529 1163 555 1211 in
572 1162 657 1227 quibus
673 1162 723 1227 ipse
737 1162 785 1213 fui.
800 1172 805 1179 ·

237 1234 333 1300 Scripta
348 1252 407 1289 cave
422 1238 517 1303 relegas
531 1235 624 1285 blandae
639 1234 733 1285 servata
748 1237 859 1301 puellae:

259 1306 420 1360 'Constantes
433 1310 525 1359 animos
542 1308 628 1375 scripta
642 1307 731 1357 reledla
746 1321 861 1359 movent.

238 1380 328 1433 Omnia
340 1398 406 1447 pone
422 1382 506 1440 feros,
521 1398 598 1447 pones
613 1382 702 1432 invitus
714 1413 723 1439 ,
735 1382 762 1431 in
776 1383 847 1450 ignes
862 1397 872 1433 r

174 1464 228 1514 7²0
273 1454 306 1502 Et
323 1455 381 1513 dic,
399 1455 500 1505 Ardoris
515 1457 546 1506 sit
559 1471 632 1521 rogus
647 1454 690 1505 iste
706 1455 764 1505 mei.

235 1525 346 1577 Thestias
359 1528 482 1577 absentem
495 1528 619 1579 succendit
635 1527 712 1595 llipite
726 1541 810 1577 natum
823 1543 834 1579 t

271 1599 313 1648 Tu
329 1601 412 1651 timidi
426 1601 527 1651 flamma
543 1600 635 1667 perlida
650 1602 724 1651 verba
740 1600 832 1652 dabir?
889 1596 892 1603 ⁴

237 1671 263 1721 si
278 1686 368 1738 potes,
389 1675 498 1725 &ceras
514 1690 614 1725 remove
630 1690 638 1724 r
654 1675 711 1741 quid
727 1674 832 1741 imagine
848 1673 914 1725 muti

274 1745 409 1813 Carperisl
425 1748 474 1797 hoc
487 1748 560 1813 periit
573 1746 702 1797 Laodamia
717 1749 802 1797 modo.

173 1829 225 1881 725
236 1818 269 1870 Et
284 1820 338 1869 loca
352 1821 425 1871 mults
438 1833 531 1871 nocent
546 1837 555 1871 t
571 1820 649 1887 fugito
664 1822 718 1870 loca
735 1818 833 1870 conscia
847 1821 917 1871 vellii
1003 1852 1004 1857 =

273 1892 423 1944 Concubitiis
440 1909 449 1944 ι
465 1894 547 1945 caulas
560 1894 625 1944 mille
642 1893 734 1944 doloris
748 1895 853 1963 habent⁸

235 1964 286 2015 Hie
300 1967 347 2017 fuit
361 1984 369 2019 r
384 1965 425 2018 bic
443 1968 526 2017 cubuit
542 1983 550 2017 ι
569 1967 683 2017 thalamo·
692 1968 850 2020 dormivimus
866 1968 930 2021 isso:

272 2038 321 2090 llic
336 2042 393 2091 mihi
407 2040 494 2091 lascivi
505 2040 592 2109 gandia
608 2040 680 2091 node
695 2040 771 2092 dedit.

234 2110 368 2163 Admonitu
384 2114 511 2164 redicatur
525 2130 614 2172 amon
633 2117 769 2182 vulnusque
786 2122 907 2165 novatum·

173 2196 226 2248 730
273 2186 395 2250 Scinditur
409 2204 417 2237 r
434 2186 532 2237 infirmis
549 2188 617 2237 causa
632 2187 718 2254 pusilla
732 2200 819 2238 nocet.

135 2284 139 2288 ·
236 2258 273 2308 Ut
286 2270 355 2323 pene
369 2259 506 2310 exstintlum
524 2261 629 2311 cinerem
646 2260 666 2311 si
681 2261 770 2311 sulfure
785 2274 898 2329 tangast

271 2333 366 2391 Vivet,
387 2333 414 2384 δι
429 2350 444 2383 e
459 2334 556 2383 minimo
571 2334 686 2383 maximus
702 2333 762 2401 ignis
780 2334 838 2384 erit.

234 2402 294 2461 sic,
313 2406 359 2455 nisi
373 2405 457 2457 vitaris
473 2404 585 2473 quicquid
600 2408 730 2457 renovabit
746 2423 876 2466 amorem,

270 2477 374 2528 Flamma
389 2479 563 2538 rederdelcet,
581 2496 634 2545 quae
650 2477 723 2530 modb
741 2481 808 2531 nulla
827 2481 887 2531 fuit.

172 2564 224 2616 735
237 2549 366 2616 Argolides
381 2565 500 2618 cuperent
516 2553 599 2619 fugille
616 2552 742 2619 Capherea
759 2569 879 2619 puppes.·,

270 2623 376 2690 Teque,
390 2624 463 2676 senex
481 2625 557 2675 ludius
574 2626 667 2693 ignibus
682 2627 733 2676 ulte
750 2638 821 2676 tuos.

233 2695 360 2748 Praeteriti
374 2711 459 2748 cautus
475 2698 576 2748 Niseide
592 2699 671 2749 navita
689 2700 789 2765 gaudet.

238 2778 241 2785 ’
269 2769 310 2819 Tu
324 2771 379 2819 loca
392 2801 400 2828 ‚
415 2788 469 2837 quae
483 2768 581 2823 nimidm
597 2784 664 2839 grata
680 2770 769 2829 fuere,
789 2788 865 2823 cave.

232 2842 295 2893 Haec
309 2844 356 2893 tibi
367 2841 415 2893 sint
431 2843 516 2909 Syrtes
532 2858 540 2893 r
558 2844 611 2897 hac
628 2843 810 2894 Acroceraunia
825 2846 902 2899 vitat

170 2930 223 2978 740
269 2913 318 2967 llic
334 2917 411 2972 vomit
423 2929 509 2985 epotas
525 2916 575 2967 dira
592 2916 727 2987 Charybdis
742 2934 830 2985 aquas.
