2034 3709
224 271 299 363 258
352 270 562 340 Orrnrr
589 272 842 343 NAsortrs
1004 275 1009 367 l

223 391 314 439 incitet
331 390 357 440 dt
371 387 421 437 fieti
437 388 508 439 tristis
526 390 631 440 custodia
647 392 729 451 servi,
994 373 1009 451 ‘i

260 461 332 512 Et
309 460 407 511 nrnriittn
422 462 476 512 duri
493 479 550 513 cura
568 463 665 515 molesta
681 466 737 515 viri.
1008 460 1009 467 ¹

224 534 288 600 Quae
301 536 373 586 benit
387 550 419 585 ex
434 548 508 593 tuto,
525 536 603 585 minus
620 536 653 587 eti
668 550 770 604 accepta
786 539 934 605 voluptas.
1009 537 1010 603 l

262 609 333 659 Ut
313 626 347 658 srs
362 608 463 659 liberior
476 608 595 667 Thaide,
614 609 679 678 finge
695 623 788 662 metus.

161 682 213 749 605
224 679 285 732 Cdrn
301 681 387 732 meliis
403 682 496 732 foribus
514 682 611 769 possis,
629 684 729 734 admitte
747 684 871 735 fenestri·

261 757 338 821 Inque
352 768 397 805 tuo
414 756 519 806 vultu'
499 772 567 823 signa
584 757 689 807 timentis
705 758 778 808 habe.

224 829 320 879 Callida
334 828 464 896 prosiliat,
480 828 593 895 dicatque
611 830 716 889 ancilla,
734 829 867 881 Perimust

260 900 323 953 Tu
315 918 430 968 juvenem
446 901 569 969 trepidum
584 903 694 970 quolibet
709 904 771 952 abde
790 904 860 953 loco.

226 974 386 1027 Adrnistenda
401 987 482 1024 tamen
496 970 586 1028 Venus
600 975 635 1025 eil
652 976 734 1027 secura
750 977 858 1046 timor13
929 966 935 975 ’

88 1090 92 1102 .
162 1044 215 1098 6ιο
260 1050 300 1099 Ne
316 1049 377 1099 tanti
393 1048 478 1099 notter
495 1064 555 1097 non
562 1058 633 1115 putet
649 1048 696 1099 elie
712 1060 777 1101 tuas.

225 1118 295 1187 Qud
298 1123 369 1172 vaiet
384 1122 450 1173 eludi
464 1121 543 1188 possit
558 1121 653 1172 ratione
668 1123 787 1183 meritus,

262 1194 368 1264 Quaque
381 1196 440 1263 vigil
455 1195 553 1254 custos,
570 1196 738 1260 prseteriturus
754 1210 833 1247 erant.

225 1269 310 1336 Nupta
325 1268 403 1319 virum
416 1269 501 1319 timeat
516 1284 524 1319 r
541 1280 594 1319 rata
608 1268 640 1319 sit
655 1268 761 1319 custodia
776 1283 872 1335 nuptae,

263 1342 322 1393 Hoc
338 1343 411 1392 decet
425 1359 433 1393 ε
449 1342 497 1391 boc
514 1343 582 1409 leges
597 1338 684 1409 jusque
700 1342 831 1409 pudorque
847 1342 946 1407 jubent.

163 1412 215 1481 615
224 1414 263 1465 Te
275 1430 372 1481 quoqne
384 1413 471 1465 serrari
480 1447 489 1473 ,
499 1412 575 1467 modo
585 1432 655 1481 quarn
666 1414 769 1465 sindilla
779 1416 886 1466 redemit
897 1448 906 1475 ,
995 1468 1005 1487 Ι

262 1488 325 1553 Quis
340 1486 424 1539 ierat?
440 1499 469 1537 ut
483 1488 571 1546 fallar,
588 1488 618 1537 ad
633 1504 686 1537 ntea
702 1488 767 1539 sacra
782 1491 851 1540 veni.

226 1560 279 1611 Tot
294 1561 353 1611 licet
367 1554 518 1619 observent,
535 1560 602 1611 adsit
612 1558 687 1612 modd
705 1574 773 1611 certa
788 1564 924 1618 voluntas,

263 1632 334 1698 Quot
348 1634 446 1685 fuerant
459 1632 528 1701 Argo
544 1634 654 1693 luminn;
671 1635 745 1689 verbe
762 1635 842 1689 dabis.
930 1697 934 1705 ¹

226 1707 327 1759 Scilicet
341 1708 442 1760 obstabit
457 1708 555 1767 custos,
573 1724 605 1758 ne
615 1700 723 1759 seribere
740 1708 840 1774 possis,

164 1779 218 1832 620
263 1782 391 1832 Sumenda
406 1779 522 1831 detur
495 1798 551 1831 cum
565 1780 610 1830 tibi
626 1774 722 1847 ternpus
738 1780 833 1848 aquae²

227 1852 373 1907 Conscia=
346 1870 400 1905 curn
415 1854 494 1922 possit
507 1854 607 1921 scriptas
624 1866 722 1920 portare
737 1856 861 1915 tabellas,

264 1927 333 1992 Ques
350 1940 417 1997 tegat
431 1928 457 1978 in
470 1928 557 1994 tepido
572 1926 644 1977 inscia
658 1931 707 1979 leta
721 1920 794 1979 sinu?

228 2000 290 2053 Cirrn
307 2004 385 2069 possit
399 2002 451 2052 sura
467 2002 561 2053 chartas
577 2002 658 2051 celare
673 2002 802 2069 ligatm.

264 2077 297 2127 Et
311 2076 393 2127 vinllo
407 2075 506 2125 blandas
522 2076 563 2126 sub
579 2074 642 2140 pede
658 2076 722 2125 ferre
739 2068 833 2124 notas?

165 2145 199 2196 62
201 2165 217 2212 5
228 2148 328 2200 Caverit
342 2151 394 2199 baec
409 2147 512 2198 custos·
527 2164 572 2214 pro
587 2148 671 2197 charta
687 2142 782 2200 conscia
798 2160 898 2215 tergunt

264 2220 420 2280 Praebeat3
412 2237 485 2287 inque
503 2221 546 2271 suo
563 2236 667 2287 corpore
683 2222 758 2271 verba
774 2220 848 2270 fetet.

226 2296 293 2345 Tuta
308 2312 406 2363 quoque
420 2294 474 2352 eli,
492 2294 602 2360 fallitque
619 2295 705 2345 oculos
720 2310 734 2343 e
750 2294 811 2344 Ialle
826 2292 925 2343 recenti

263 2368 345 2437 litera
362 2367 497 2419 :carbonis
513 2368 616 2433 pulvere
632 2379 724 2435 tange3
743 2368 822 2434 leges.

227 2441 306 2492 Fallet
322 2440 348 2492 dt
363 2440 481 2491 humiduli
496 2455 550 2507 φιτ
566 2439 610 2491 fiet
623 2440 732 2491 acumine
746 2441 807 2499 lini,

165 2511 218 2577 630
263 2515 295 2565 Et
311 2514 375 2565 ieret
390 2515 501 2565 occultas
518 2530 577 2581 pura
587 2515 681 2565 ¹rabello
698 2526 780 2565 notas.

226 2586 312 2638 Adfuit
325 2586 420 2638 Acrisio
436 2586 558 2638 servandae
574 2604 631 2638 cura
648 2588 755 2653 puellaet

264 2660 337 2710 Hunc
351 2673 432 2711 tamen
448 2661 491 2709 illa
505 2662 549 2711 suo
564 2662 662 2711 crimine
676 2661 736 2713 fecit
751 2676 832 2711 arum.

227 2732 294 2798 Quid
309 2733 382 2784 iaciat
396 2733 493 2791 custos,
511 2732 565 2784 crint
580 2736 628 2785 sint
644 2746 682 2783 tot
699 2735 723 2783 in
739 2734 807 2784 Urbe
823 2725 943 2783 tliertrr?

265 2804 327 2858 clm
341 2807 431 2875 spedlet
446 2804 543 2872 jundos
560 2808 601 2857 illa
615 2808 719 2857 libenter
736 2822 814 2873 equos
826 2804 839 2857 ‚²

165 2872 196 2941 63
201 2894 215 2942 5
228 2876 289 2929 Ctitn
306 2881 386 2931 sedeat
402 2879 493 2931 Phariae
510 2880 581 2931 sistris
598 2891 699 2946 operata
715 2880 852 2946 juvencaet

263 2952 369 3022 Qudque
385 2951 419 3005 stri
433 2954 536 3005 comites
550 2954 587 3005 ire
601 2965 717 3006 vetentur
729 2985 736 3013 ‚
753 2950 818 3005 enti
