2034 3709
164 215 169 223 ’
249 239 322 311 166
373 234 582 330 Οινιυιι
608 232 861 307 Amorum

229 347 300 409 ⁴Nec
316 358 361 408 nisi
377 370 424 413 tu,
442 353 527 404 nolitis
544 350 679 404 cantabitur
695 356 744 405 ulla
761 336 874 406 libellis.¹

280 432 383 500 Ingenio
399 426 481 480 causas
497 440 526 477 tu
545 426 612 479 dahis
627 444 674 477 una
690 444 757 481 meo.

274 538 917 613 (Σὲ-ἤμεε»
1003 634 1004 637 ¹

353 657 608 725 ELEGIA
649 658 844 723 XVIII.

245 752 415 875 Cremu
429 824 460 872 ad
470 822 557 873 iratum
569 823 623 873 dum
632 832 661 873 tu
671 819 783 889 perducis
794 817 922 878 Achillen,

276 890 402 961 Primaque
414 895 502 964 juratis
519 896 597 946 induis
613 912 676 946 arma
692 894 770 953 viris3

239 966 310 1025 Nos,
328 966 432 1028 Macer,
448 969 536 1037 ignavi
551 969 660 1021 Veneris
675 967 789 1019 ceffimus
803 966 828 1015 in
842 967 920 1017 umbra
938 980 946 1017 ι

278 1039 310 1089 Et
326 1053 398 1092 tener
414 1042 513 1093 ausuros
531 1044 629 1111 grandia
644 1042 732 1109 frangit
749 1040 837 1093 Amor.

214 1112 309 1191 ySaepe
323 1132 402 1174 meae,
418 1115 547 1176 Tandem,
564 1117 630 1175 dixi,
647 1114 760 1175 discede,
778 1114 887 1181 puellae:

253 1200 257 1205 ’
275 1186 304 1237 In
319 1191 413 1256 gremio
428 1186 488 1240 sedit
505 1190 615 1256 protinus
631 1190 672 1239 illa
687 1204 754 1239 meo.

237 1260 329 1327 sape,
348 1260 444 1322 Pudet,
463 1265 511 1314 dixi
527 1280 534 1315 ε
551 1264 662 1331 lacrymis
678 1263 720 1313 vix
733 1262 774 1311 illa
791 1259 913 1319 retentis,

273 1332 319 1383 Me
334 1336 442 1386 miseram
459 1335 465 1385 l
482 1338 531 1404 jam
544 1349 589 1397 te,
607 1337 686 1395 dixit,
703 1351 782 1385 amate
799 1332 895 1400 pudet?

235 1406 404 1474 implicuitque
420 1408 475 1461 suos
493 1412 584 1461 circum
600 1427 654 1459 mea
672 1410 736 1460 colla
751 1410 860 1458 lacertos
871 1423 887 1471 :-

193 1495 226 1531 ιο
271 1478 320 1539 Et,
339 1496 393 1547 quae
406 1498 446 1533 me
462 1486 584 1549 perdunt,
603 1484 684 1534 oscula
700 1483 766 1531 mille
783 1481 860 1530 dedit.

233 1553 350 1613 Vincor;
368 1555 534 1625 &ingenium
548 1556 630 1608 sumtis
647 1570 778 1607 revocatur
792 1556 822 1603 ab
840 1551 911 1603 armis
921 1566 931 1602 :r

269 1624 369 1693 Resque
384 1628 449 1679 domi
463 1630 559 1698 gestas,
581 1632 607 1683 δι
622 1647 675 1681 mea
690 1630 772 1687 bella,
792 1638 866 1677 cano.
929 1675 932 1680 ,
950 1650 952 1653 ·

233 1699 336 1765 Sceptra
351 1713 434 1753 tamen
448 1703 538 1764 sumsi,
557 1704 663 1771 curdque
676 1702 807 1772 Tragoedia
823 1696 907 1751 nostrl

269 1771 375 1826 Crevit:
388 1776 414 1826 &
428 1778 485 1827 huic
500 1776 586 1845 operi,
605 1780 675 1845 qudm
690 1777 768 1836 libet,
784 1786 857 1841 aptus
871 1788 950 1823 eram.

191 1863 222 1915 15
232 1846 297 1897 Risit
306 1848 397 1910 Amor,
409 1852 543 1918 pallamque
554 1868 647 1909 meam,
658 1851 783 1917 pistorque
795 1850 951 1907 cothurnos,

270 1921 420 1991 Sceptraque
436 1924 530 1991 privati
544 1939 593 1975 tam
608 1924 658 1976 cird
674 1925 748 1975 sumta
763 1939 849 1974 manu.

230 1993 296 2045 Hinc
311 2014 408 2065 quoque
424 2015 463 2048 me
479 1983 581 2049 ahminae
596 2016 685 2049 numen
700 1997 801 2048 deduxit
816 1996 933 2063 iniquaet

266 2070 356 2135 Deque
372 2072 520 2122 cethumato
533 2083 590 2123 vate
604 2072 735 2137 triumphat
744 2071 834 2122 Amor.

230 2140 306 2207 Quod
321 2144 380 2194 licet
388 2159 457 2202 ,aut
469 2146 543 2197 Artes
557 2146 637 2197 teneri
650 2144 793 2212 profitemur
805 2140 934 2193 Amoris:

186 2230 221 2264 20
265 2214 315 2266 Hei
331 2218 412 2267 mihi-t
427 2220 557 2287 praeceptis
572 2236 664 2287 urgeor
679 2218 726 2269 elle
743 2216 815 2269 meis.

229 2287 297 2347 Aut,
316 2293 381 2356 quod
394 2292 531 2360 Penelopes
545 2294 627 2344 verbis
643 2294 758 2344 reddatur
772 2290 882 2359 Ulysti,

266 2362 395 2415 Scribimus
405 2382 418 2425 3·
432 2378 475 2415 aut
491 2368 628 2434 lacrymas,
646 2366 725 2435 Phylli
738 2366 843 2424 relidia,
861 2377 934 2415 tuas-

212 2432 305 2498 -Qubd
312 2434 378 2487 Paris
384 2472 392 2497 ,
402 2438 579 2499 &Macareus‚
589 2440 616 2490 dc
624 2441 689 2506 quod
698 2441 759 2490 male
769 2452 855 2508 gratus
864 2438 953 2499 Iason,

265 2508 443 2579 Hippolytique
457 2530 563 2580 parens,
579 2512 776 2580 Hippolytusque
789 2514 882 2579 legant
895 2528 906 2561 t

184 2594 201 2631 2
204 2596 217 2645 5
230 2580 351 2648 Quodque
366 2596 454 2635 tenens
467 2586 571 2637 strielum
585 2586 653 2636 Dido
668 2586 807 2637 miserabilis
825 2586 917 2637 ensem

263 2654 357 2721 Dicat,
375 2659 401 2709 δι
415 2658 503 2710 AEoliae
520 2661 605 2711 Lesbis
620 2659 695 2709 amica
711 2662 782 2727 lyrae.

191 2795 195 2804 ⁴
228 2726 309 2792 Quam
323 2732 390 2782 celer
404 2749 419 2781 e
433 2744 490 2783 toto
504 2735 577 2785 rediit
593 2750 659 2784 meus
675 2736 736 2783 orbe
751 2732 884 2795 Sabinus,

193 2821 196 2827 ’
263 2803 406 2871 Scriptaque
422 2804 522 2857 diversis
538 2808 624 2859 retulit
639 2806 688 2873 ipse
705 2806 788 2858 locis!

226 2875 334 2928 Candida
348 2877 472 2945 Penelope
489 2881 582 2948 signum
597 2880 713 2949 cognovit
726 2877 852 2949 Ulyssisz

181 2956 217 3010 30
262 2948 334 3019 Legit
349 2953 378 3001 ab
392 2952 531 3023 Hippolyto
548 2954 634 3024 scripta
650 2970 758 3007 noverca
773 2953 831 3009 suo·
865 3006 870 3015 ,
