2034 3709
221 270 295 342 126
346 267 557 338 Ονιοιι
583 268 839 336 Aaronom

248 401 571 475 ΐ--ι--Π
574 401 879 475 ha
887 423 912 460 θ’

388 539 640 606 aurcis
682 493 759 605 vi.

218 639 283 765 JA
291 715 356 753 tart·
365 713 382 752 0
391 699 437 766 tt(
447 693 570 769 iudig‘uun
581 701 593 770 )
605 696 664 752 durs
673 701 776 768 religate
787 699 877 753 catena
892 736 903 762 ,

255 774 388 828 Difficilem
401 787 469 825 moto
487 775 584 825 cardine
600 775 677 843 pande
694 775 783 826 iorem.
913 793 920 802 ·

221 847 297 914 Quod
312 866 401 916 precor
414 847 529 918 exiguum
544 848 579 899 est
593 863 601 900 t
616 849 681 898 aditu
698 848 737 898 iac
750 847 824 915 janua
837 865 927 916 parvo

256 923 389 990 Obliquum
402 923 481 988 capiat
496 921 678 988 serui-adaperta
693 922 766 974 latus.

195 996 318 1065 5Longus
332 996 409 1047 Amor
424 997 488 1046 tales
503 1001 592 1061 corpus
607 995 715 1046 tenuavit
731 995 756 1045 in
771 996 848 1053 usus,

255 1071 386 1137 Aptaque,
403 1069 520 1120 fubduflo
536 1068 668 1135 pondere,
681 1070 787 1120 membra
805 1068 885 1122 dedit.

218 1142 265 1194 ille
282 1159 328 1211 per
343 1143 459 1194 excubias
474 1142 597 1194 custodum
612 1142 699 1193 leniter
715 1141 751 1192 ire

256 1217 377 1268 Monstrat
393 1232 402 1268 c
417 1215 548 1267 inoffensos
564 1215 644 1283 dirigit
659 1215 701 1265 ille
716 1215 804 1281 pedes.

219 1289 253 1339 At
270 1291 391 1357 quondam
400 1289 496 1340 nostem
510 1289 685 1355 simulacraque
702 1305 764 1339 vana
779 1289 894 1340 timebam
909 1306 920 1339 ε

179 1375 210 1410 to
256 1363 383 1421 Mirabar,
401 1363 510 1415 tenebris
527 1363 615 1428 siquis
630 1363 707 1412 iturus
723 1374 786 1412 erat.

220 1435 301 1494 Risit,
319 1448 347 1486 ut
361 1437 489 1497 audirem,
505 1437 592 1486 teneri
608 1453 662 1486 curu
676 1435 760 1486 Matre
777 1436 896 1501 Cupido:

256 1507 288 1558 Et
306 1510 415 1569 leviter,
431 1510 487 1561 fies
501 1522 530 1559 tu
546 1525 643 1576 quoque
663 1508 751 1568 fortis,
770 1510 814 1559 ait.

218 1581 272 1631 Nec
283 1599 366 1641 mora,
378 1583 447 1634 venit
457 1601 534 1634 aanor.
546 1583 604 1634 Non
614 1583 710 1633 umbras
720 1581 791 1632 nuile
803 1585 920 1633 volantes
931 1617 943 1640 ‚

257 1657 315 1705 Non
330 1655 405 1706 timeo
421 1655 510 1706 iiriiias
526 1657 551 1705 in
568 1673 621 1706 mea
637 1655 686 1706 fata
702 1671 796 1706 manus.

178 1740 207 1786 15
220 1728 258 1778 Te
273 1727 371 1779 nimium
385 1730 478 1780 lentum
494 1730 589 1787 timeo,
607 1729 653 1778 tibi
666 1728 776 1780 blandior
792 1728 854 1778 uni:

256 1801 315 1860 Tu,
331 1819 369 1852 me
387 1820 435 1869 quo
449 1803 529 1869 possis
542 1803 665 1868 perdere,
685 1801 782 1851 fulmen·
791 1803 880 1853 habes.

219 1873 324 1940 Aspice,
338 1873 349 1939 (
360 1877 403 1936 bt,
414 1889 441 1927 ut
451 1877 550 1935 videas,
562 1875 661 1928 immitia
672 1874 772 1926 claustra
782 1877 883 1934 relaxa,
897 1879 909 1944 l

257 1949 313 2000 Uda
327 1951 358 2000 sit
373 1963 400 2001 ut
415 1951 528 2018 lacrymis
543 1949 615 2013 janue
629 1947 690 1999 labia
705 1947 775 1998 meis.

221 2019 297 2076 Certe
313 2041 379 2092 epo,
398 2021 452 2076 ciam
467 2023 547 2090 positi
561 2023 633 2088 stupes
648 2021 679 2072 ed
692 2024 794 2094 verbera
808 2023 899 2082 veile,

175 2107 209 2142 20
255 2098 295 2146 sd
311 2098 429 2148 dominam
445 2115 490 2164 pro
503 2111 529 2147 te
543 2098 618 2146 verba
630 2108 751 2146 tremente
767 2097 821 2146 tuli.

217 2169 284 2237 Ergo
296 2203 304 2228 ,
319 2185 373 2238 quae
381 2173 458 2240 ualuit
467 2188 513 2238 pro
524 2183 549 2220 te
561 2175 657 2237 quoque
669 2169 744 2236 gratia
755 2169 899 2234 qarondam,

256 2241 267 2306 (
279 2244 339 2294 Heu
346 2245 438 2296 facinus
452 2245 458 2294 l
471 2247 483 2312 )
496 2262 540 2311 pro
550 2259 589 2294 me
599 2259 663 2294 nunc
672 2243 739 2293 valet
749 2243 790 2291 illa
800 2261 885 2308 parurn
897 2242 910 2292 i

217 2312 302 2364 Redde
313 2317 391 2367 vicens
402 2320 510 2369 meritis:
521 2329 591 2385 grato
601 2319 661 2367 licet
671 2315 732 2375 esse,
745 2316 811 2382 quod
823 2311 921 2382 optas‘:

254 2389 378 2454 Tempora
392 2391 469 2443 noclis
484 2404 543 2442 eunt
559 2408 571 2441 :¹
583 2395 673 2441 acute
687 2389 753 2456 poste
771 2389 858 2441 ieram.

173 2473 190 2508 a
195 2473 206 2520 5
219 2461 313 2510 Excute
331 2479 338 2512 ι
355 2464 391 2513 sic
404 2466 516 2532 uniquam
529 2463 602 2532 longia
618 2465 730 2514 relevere
741 2463 855 2522 catenis,

253 2535 308 2583 Nec
324 2537 367 2587 tibi
381 2537 504 2605 perpetub
519 2539 586 2588 serva
601 2539 697 2590 bibatur
711 2554 782 2602 aqua.

207 2608 321 2660 AEerreue
336 2625 450 2661 orantem·
460 2612 620 2679 nequicquam
631 2610 762 2678 ,'j'anitor,
780 2610 849 2662 a'udis
862 2628 870 2665 t

154 2695 161 2710 ·
253 2681 390 2734 Roboribus
406 2685 473 2735 doris
482 2685 562 2750 janua
578 2686 638 2736 tulta
654 2685 729 2752 riget.
812 2707 814 2712 ·
893 2729 899 2736 .

218 2755 325 2804 Urbibus
342 2757 445 2807 obsessis
461 2759 547 2809 clausae
564 2757 690 2809 munimina
707 2769 787 2824 portat

175 2835 209 2886 30
255 2827 351 2879 Prosint
366 2845 373 2880 t
391 2830 415 2878 in
432 2830 511 2882 media
526 2839 586 2898 pate
604 2831 660 2898 quid
673 2847 738 2880 arma
756 2828 853 2881 times?

218 2899 285 2964 Quid
301 2903 373 2952 facias
391 2904 469 2964 hosti,
488 2906 530 2971 qui
546 2907 581 2956 sic
596 2905 704 2956 excludis
724 2903 871 2954 amantem?
898 2969 903 2978 .

253 2974 376 3042 Tempora
391 2977 470 3029 nuliis
486 2989 546 3030 eunt
564 2995 571 3030 a
589 2991 678 3028 excute
695 2976 761 3043 poste
780 2978 869 3031 seram.
