2034 3709
197 283 273 359 ooo
325 261 528 331 Orrnrt
554 258 812 331 Nrsonrs

196 382 247 433 lllic
263 380 390 439 invenies,
408 378 474 445 quod
489 393 577 438 annes,
593 378 658 445 quod
672 380 757 430 ludere
773 382 878 448 possisj

232 454 356 519 Quodque
372 452 445 503 semel
458 464 562 519 tangas,
581 454 695 517 quodque
714 464 802 505 tenere
817 457 896 507 velis.

195 530 232 579 Ut
242 528 305 577 redit
317 528 384 593 itque
395 526 509 591 frequens
524 526 624 591 longum
634 526 735 575 formica
745 544 791 591 per
800 546 892 597 agmen
906 562 921 589 ,

233 600 363 652 Granifero
379 598 474 648 solitum
491 596 546 647 cdm
561 598 629 648 vehit
646 615 690 647 ore
706 600 808 659 cibum;

152 672 184 735 9'5
197 675 249 725 Aut
265 687 292 723 ut
308 688 386 738 apes,
403 673 523 736 saltusque
539 671 594 721 suos
613 672 639 722 dt
654 672 746 721 olentia
760 674 839 725 natlae

153 764 156 771 ·
233 746 341 801 Pascua,
359 762 403 810 per
418 746 491 795 dores
506 744 532 795 δι
548 744 859 811 thyma,summa.rolant;

197 821 237 871 Sic
252 819 302 869 ruit
317 818 341 867 in
357 820 467 869 celebres
483 816 614 867 cultissima
627 818 719 869 demina
734 818 819 873 ludos.
923 853 928 861 .

234 892 312 957 Copia
327 890 442 958 judicium
458 884 521 956 iaepe
535 903 627 941 motata
643 907 733 941 meum.

196 966 333 1031 Spetiatum
349 965 469 1022 veniunt,
483 964 585 1015 veniunt
601 964 781 1029 spedenturut
795 964 876 1032 ipsaet

138 1048 187 1082 loo
233 1038 278 1088 llle
295 1038 363 1087 locus
380 1036 437 1087 casti
451 1036 537 1087 domno
551 1036 650 1102 pudoris
664 1038 749 1087 habet.

197 1110 288 1162 Primus
308 1110 415 1163 solicitos
431 1108 527 1168 iecisti,
545 1109 670 1167 Romule,
688 1111 784 1169 ludos;

234 1180 295 1234 clm
311 1182 375 1249 juvit
389 1184 474 1233 viduos
490 1195 559 1249 rapta
572 1182 659 1233 Sabina
672 1185 747 1234 viros.

198 1257 269 1307 Tunc
284 1274 365 1325 neque
378 1272 515 1307 marmoreo
530 1256 668 1321 pendebant
682 1258 738 1306 vela
752 1256 876 1309 theatrot

234 1332 288 1380 Nec
305 1330 401 1381 fuerant
416 1330 507 1396 liquido
523 1329 617 1395 pulpita
631 1330 704 1378 rubra
720 1346 807 1380 croco.

139 1412 186 1460 105
198 1403 271 1461 lllic,
289 1420 346 1468 quas
363 1404 468 1453 tulerant
483 1403 610 1453 nemorosa
627 1400 737 1459 Palatia,
755 1401 859 1453 stondes

233 1474 378 1541 Simpliciter
391 1475 495 1543 positaes
513 1475 584 1525 scena
598 1475 650 1525 sine
665 1488 718 1525 orte
734 1474 793 1526 luit.
876 1473 880 1477 ’

198 1548 226 1599 ln
244 1549 357 1615 gradibus
374 1547 434 1598 sedit
449 1549 554 1615 populus
571 1549 601 1597 de
616 1548 707 1613 cespite
723 1548 814 1607 indiis,

235 1622 352 1685 Quolibet
366 1621 466 1672 hirsutas
482 1620 569 1671 fronde
586 1633 688 1688 tegente
707 1638 800 1672 comas.

198 1692 337 1761 Respiciunt
347 1726 355 1751 .
369 1694 495 1761 oculisque
505 1705 592 1745 notant
602 1694 647 1743 sibi
657 1695 757 1761 quisque
767 1692 878 1760 puellam
887 1704 899 1755 ,⁴

141 1777 192 1811 110
236 1767 316 1831 Quam
332 1768 392 1817 velit
408 1783 415 1817 t
432 1766 458 1817 dt
474 1767 551 1817 tacito
567 1766 667 1833 potiore
683 1769 758 1816 multa
773 1782 891 1819 movent.

198 1841 312 1905 Dumque
325 1873 333 1899 ,
346 1840 430 1889 tudem
439 1842 563 1906 praebente
574 1840 672 1889 modurn
682 1840 780 1890 tibicine
791 1840 896 1891 Thusco
908 1872 921 1899 ,

236 1913 325 1963 Ludius
343 1925 460 1979 aequetnm
476 1927 514 1963 ter
528 1912 591 1979 pede
607 1912 685 1979 pulsat
700 1913 818 1971 humum3

199 1988 227 2038 lu
245 1986 324 2037 medio
340 1987 441 2051 plausu,
459 1985 553 2053 plausus
569 1997 628 2035 tunc
643 1998 695 2036 arte
711 1987 834 2046 carebat,

235 2060 290 2110 Rex
304 2060 396 2127 populo
414 2058 501 2125 praedae
517 2058 584 2125 signa
600 2058 706 2123 petenda
723 2059 800 2110 dedit.

141 2141 187 2186 1¹5
202 2132 313 2183 Protinus
330 2132 462 2190 exsiliunt,
480 2131 584 2182 animum
599 2133 705 2182 clamore
719 2132 827 2183 fatentes
836 2141 850 2189 ‚'

235 2204 375 2271 Virginibus
392 2206 489 2272 cupidas
504 2203 663 2270 injiciuntque
677 2222 770 2256 manus.

201 2280 236 2329 Ut
251 2278 346 2344 fugiunt
359 2278 467 2344 aquilas,
484 2276 631 2328 timidissima
640 2280 737 2336 turba,
755 2278 898 2339 columber

236 2350 318 2416 thue
332 2350 394 2417 fugit
407 2350 471 2400 visos
487 2367 549 2417 agna
563 2352 659 2401 novella
672 2353 762 2417 lupos5

201 2424 239 2473 Sic
256 2422 303 2471 illae
319 2422 420 2474 timuere
439 2424 504 2477 viros
520 2424 571 2474 sine
588 2425 643 2491 lege
659 2437 768 2476 ruentes.

142 2505 191 2539 120
237 2494 349 2547 Constitit
365 2497 389 2545 in
406 2499 489 2555 nulla,
507 2497 550 2563 qui
565 2497 610 2545 fuit
626 2508 703 2556 ante,
719 2500 800 2548 color.

202 2570 264 2619 Nom
280 2568 352 2618 timor
366 2587 427 2623 unus
444 2570 516 2627 erat,
533 2569 609 2620 facies
626 2588 675 2619 non
689 2588 736 2619 una
750 2566 863 2621 timorist

238 2640 295 2691 Pars
309 2642 382 2691 laniat
395 2642 473 2693 crines
490 2659 497 2692 ε
515 2659 571 2707 pars
586 2642 638 2693 sine
652 2656 734 2696 mente
751 2644 830 2695 sedet.

201 2714 287 2765 Altera
302 2714 379 2765 maessa
396 2716 451 2765 silet
468 2732 474 2765 t
491 2714 574 2765 frustra
590 2728 665 2767 vocat
678 2717 894 2774 altera-matrem:

236 2788 299 2837 llaec'
307 2788 429 2855 queritur,
441 2787 519 2853 stupet
528 2789 579 2838 haec
591 2790 662 2851 rlbaec
673 2802 768 2848 manet,
785 2791 827 2841 illo
838 2790 914 2859 fugit.

142 2870 188 2919 125
202 2860 332 2912 Ducuntur
347 2872 440 2929 rapte,
459 2860 559 2929 genialis
574 2863 675 2928 praeda,
689 2864 799 2927 puellae:

237 2933 270 2985 Et
284 2936 365 3003 potuit
380 2936 465 2987 multas
484 2932 533 3003 ipse
551 2934 640 2988 decere
656 2935 745 3003 pudor.
768 2986 773 2989 .
