2034 3709
98 199 101 203 Ι
150 245 309 319 lrnrn
335 250 390 320 ΙΙ.
415 251 602 323 ΕιισιΑ
627 253 710 324 VII.
741 272 813 352 153

99 369 163 423 Oll'a
178 370 241 439 tegit
256 370 387 422 tumulus:
401 374 506 423 tumulus
521 388 567 440 pro
584 386 689 439 corpore
705 392 813 442 parvus:

128 432 199 507 Quo
214 443 275 511 lapis
292 443 395 511 exiguus
412 462 454 511 par
470 446 516 496 sibi
533 462 629 497 carmen
644 446 728 499 habes.
824 447 860 503 60

101 516 216 584 Colligor
233 533 265 567 ex
279 516 330 584 ipso
349 517 451 569 dominas
467 518 580 585 placuisse
595 518 726 585 sepulcsos

138 589 193 642 Ota
211 590 281 641 fuere
298 589 355 641 mihi
371 592 424 660 plus
441 609 487 644 ave
504 592 574 643 dofle
591 593 669 659 loqui.

133 699 784 775 ‹adli—g»

251 818 507 902 ELEGIA
554 820 666 886 VII.

102 907 192 1033 En
199 990 246 1033 eo
259 996 307 1049 ego
316 978 429 1032 sufficiam
439 997 494 1032 reus
505 980 531 1031 in
540 998 604 1033 nova
616 979 713 1037 crimina
723 981 816 1049 semper
827 979 840 1033 l

138 1053 176 1103 Ut
191 1054 306 1114 vincam,
325 1055 400 1105 toties
418 1054 547 1105 dimicuill'e
563 1056 639 1124 piget.

100 1124 158 1178 Sive
176 1140 224 1194 ego
242 1128 370 1178 marmorei
385 1127 481 1195 respexi
497 1128 586 1179 summa
602 1128 713 1189 theatri3

136 1197 213 1267 Eligis
229 1216 243 1250 c
259 1201 360 1261 multis,
378 1202 441 1253 unde
459 1202 544 1252 dolere
559 1202 631 1252 velis.

101 1270 210 1323 Candida
225 1273 267 1325 seu
281 1275 357 1325 tacito
375 1290 414 1324 nse
429 1275 490 1325 vidit
507 1275 598 1325 femina
614 1275 703 1335 vultu,
823 1289 836 1339 5

137 1346 166 1395 ln
183 1347 256 1397 vultu
268 1348 355 1398 tacitas
371 1348 451 1415 arguis
468 1346 516 1399 elie
530 1360 611 1399 notas.

100 1418 126 1467 Si
144 1435 214 1485 quarn
230 1420 347 1479 laudavi;
364 1422 463 1471 miseros
480 1423 543 1487 petis
560 1437 640 1489 ungue
656 1420 775 1489 capillos:

137 1492 162 1541 Si
181 1494 274 1560 culpo,
294 1495 384 1545 crimen
401 1494 549 1545 dissimulare
567 1508 647 1561 putas.

99 1564 157 1615 sive
170 1567 250 1617 bonus
266 1569 337 1619 color
352 1567 405 1626 est,
421 1569 446 1617 in
463 1582 489 1617 te
505 1584 602 1635 quoque
618 1568 718 1633 frigidus
734 1566 803 1627 effe3

87 1666 91 1669 ·
138 1639 188 1688 Seu
206 1640 303 1701 malus,
322 1640 420 1692 alterius
439 1642 508 1691 dicor
524 1657 606 1691 amore
623 1641 694 1691 mori.
826 1655 858 1691 10

99 1710 184 1777 litque
200 1729 248 1782 ego
264 1715 360 1781 peccati
373 1716 463 1767 vellem
477 1714 535 1764 mihi
551 1713 661 1765 conscius
675 1712 765 1765 ellem:

135 1782 219 1853 AEquo
234 1787 315 1837 animo
331 1803 446 1854 poenam,
464 1788 504 1855 qui
519 1803 649 1846 meruere,
668 1788 760 1838 ferunt.

100 1859 172 1909 Nunc
181 1860 276 1911 temere
285 1862 406 1912 insimulas
420 1878 427 1913 s
440 1860 611 1929 credendoque
622 1860 702 1911 omnic
711 1860 795 1911 frustra
804 1892 817 1928 ,¹

138 1932 190 1997 ipsa
206 1945 276 1987 vetas
293 1934 352 1985 irarn
368 1936 464 2001 pondus
480 1936 571 1985 habere
588 1947 662 1984 tuam.

98 2004 207 2071 Aspice,
223 2018 252 2057 ut
266 2006 357 2058 auritus
374 2008 512 2059 miserandae
527 2006 596 2058 sortis
611 2005 715 2064 asellam,
828 2018 857 2067 15

137 2078 244 2129 Assiduo
257 2078 362 2131 domitus
377 2078 495 2139 verbere,
514 2083 595 2132 lentus
612 2091 662 2129 eat.

100 2150 191 2211 Ecce,
209 2168 301 2203 novum
317 2153 428 2214 crimen,
447 2153 532 2205 sollers
550 2169 637 2204 ornare
656 2148 771 2219 Cypassis

140 2224 265 2293 Objicitur
282 2226 384 2277 domina:
402 2226 573 2279 contemeraffe
590 2239 680 2276 torum.

4 2368 5 2379 γ
75 2358 78 2361 ,
99 2296 136 2349 Di
150 2300 345 2367 melius,.qua'sm
360 2316 420 2361 me,
436 2300 457 2351 si
471 2301 501 2351 sit
515 2299 624 2366 peccalie
639 2297 737 2356 libido,
763 2294 770 2299 ’

4 2698 9 2781 l

4 2852 11 3033 l

139 2373 242 2423 Sordida
261 2386 393 2425 contemta
409 2373 479 2424 sortis
496 2375 572 2423 amica
588 2370 678 2438 juvet!
826 2384 862 2419 ao

100 2444 167 2510 Quis
183 2446 291 2501 Veneris
308 2447 403 2498 famular
421 2448 541 2499 connubia
557 2446 619 2495 liber
636 2444 717 2503 inire,

139 2518 271 2588 Tergaque
291 2520 419 2588 complesti
436 2522 540 2571 verbere
558 2518 619 2569 seila
633 2515 716 2568 velit?

97 2590 195 2667 Adde,
215 2591 282 2660 quod
301 2594 413 2645 ornandis
430 2593 472 2643 illa
489 2592 522 2644 est
540 2603 641 2659 operata
660 2589 772 2657 capillis;

142 2664 174 2717 Et
190 2665 235 2717 tibi
251 2682 295 2733 per
311 2666 392 2717 donas
408 2678 475 2735 grata
490 2666 592 2717 ministra
606 2681 699 2715 manus

102 2734 206 2789 Scificet
221 2740 352 2811 ancillam,
368 2756 421 2807 quae
436 2752 486 2789 tam
497 2739 541 2790 tibi
556 2736 622 2798 fida,
640 2730 774 2805 rogarem?
827 2748 861 2795 ²5

142 2808 234 2873 Quid²
253 2813 298 2863 nisi
314 2825 342 2863 ut
359 2812 450 2864 indicio
465 2813 545 2879 junlla
560 2811 657 2879 repulsa
673 2805 762 2859 foret?

103 2880 155 2937 Per
171 2885 316 2936 Venerem
309 2903 386 2953 juro,
406 2903 523 2973 puerique
538 2885 643 2935 volatilis
660 2896 749 2939 arcus,

144 2954 188 3007 Me
205 2974 257 3011 non
273 2958 369 3012 admissi
386 2960 491 3013 criminis
508 2958 555 3011 elle
571 2974 648 3009 reum.
721 3024 746 3077 G

643 3057 648 3061 -
758 3039 775 3075 e
