2034 3709
137 228 196 279 nn
222 210 340 278 Anto
365 199 558 308 Amnum
584 209 623 277 L.
650 210 679 277 Ι.
706 228 800 303 205·

72 330 137 385 Vere
152 330 218 395 prius
233 330 347 379 volucres
363 340 480 390 taceant,
499 330 578 381 aestate
595 330 705 390 cicadae,

107 402 234 453 Maenalius
250 402 329 467 lepori
345 402 387 451 det
402 403 443 452 sua
457 416 527 475 terga
544 404 630 462 canis3

61 475 166 525 'Femina
183 478 254 541 quim
270 474 372 540 juveni,
390 475 476 525 blande
493 489 606 535 tentata,
623 489 753 544 repugnet.

106 548 166 597 llaec
178 564 277 614 quoque
289 581 297 607 ‚
308 564 377 614 quarn
387 550 480 613 poteris
491 550 592 599 credere
604 552 670 599 nolle
681 584 689 607 ,
700 553 780 600 volet.

73 619 152 686 thue
168 622 224 671 vito
238 620 447 681 furtivaVenus‚
465 624 499 671 sic
517 636 584 689 grata
600 624 707 688 puelle:
790 638 842 687 275
934 648 939 658 =

104 695 150 744 Vir
165 696 229 744 male
246 693 396 753 dissimulat,
417 693 503 745 redditis
518 697 559 745 illa
573 696 649 762 cupit.

76 765 215 817 Conveniat
230 767 352 827 maribus,
369 784 401 817 ne
415 784 485 833 quarn
500 785 545 819 nos
559 781 617 819 ante
633 784 767 837 regentum

106 840 206 889 Femina
222 838 270 905 jam
285 852 367 905 partes
380 841 443 891 vidia
459 842 567 909 rogantis
581 855 648 909 agat·

73 913 188 965 Mollibus
206 914 230 962 in
246 914 320 978 pratis
336 915 442 982 admugit
458 915 546 983 femina
562 927 653 966 tauro:

107 988 206 1036 Femina
224 987 348 1051 cornipedi
365 988 457 1053 semper
472 988 579 1038 adhinnit
593 1006 670 1055 equo.
790 986 845 1039 280

73 1059 167 1109 Fortior
184 1056 210 1109 in
226 1061 315 1118 nobis,
332 1076 378 1111 nec
394 1073 443 1111 tam
458 1062 547 1111 furiosa
562 1062 653 1113 libido:

16 1140 17 1145 ’
106 1133 252 1199 Legitimum
268 1130 338 1183 finem
355 1134 448 1184 flamma
465 1135 541 1184 virilis
556 1135 639 1184 babet.

73 1206 173 1273 Byblida
189 1206 246 1272 quid
260 1206 383 1265 referam,
401 1208 480 1257 vetito
498 1226 552 1273 quae
566 1207 647 1258 fratris
663 1221 748 1257 amore

107 1278 176 1329 Arsit
189 1296 198 1337 ς
218 1278 244 1329 δι
261 1278 294 1328 est
310 1281 398 1345 laqueo
413 1281 512 1331 fortiter
526 1281 577 1330 ulta
590 1279 681 1330 nefas?

73 1350 174 1419 Myrrha
189 1364 300 1419 patrem,
315 1353 356 1403 sed
369 1370 419 1403 non
428 1370 482 1419 quo
494 1353 542 1403 filia
553 1354 645 1412 debet,
663 1352 771 1404 amavit:
792 1352 843 1415 285

16 1466 17 1471 ,
108 1422 139 1475 Ei
153 1441 218 1475 nunc
231 1425 339 1475 'obdudlo
356 1427 449 1477 cortice
465 1426 540 1493 preffa
557 1428 627 1477 latet.
698 1478 705 1484 ,

16 1552 17 1571 ἢ
73 1499 137 1549 Illius
155 1498 182 1549 &
197 1498 327 1565 lacrymis,
348 1516 406 1565 quas
422 1501 507 1549 arbore
525 1498 604 1549 fundit
618 1499 713 1559 odori,

16 1582 17 1607 ³
109 1573 247 1641 Ungimut‚
269 1571 413 1622 &dominre
430 1574 526 1621 nomina
543 1584 611 1639 gutta
626 1584 705 1622 tenet.

16 1680 17 1707 g
74 1646 147 1696 Forte
163 1645 205 1695 iub
221 1645 339 1695 umbrosis
357 1646 488 1695 nemorosae
505 1646 607 1695 vallibus
623 1645 675 1694 ldae

16 1712 17 1733 l
109 1718 252 1775 Candidus,
272 1719 372 1768 armenti
389 1719 485 1785 gloria,
503 1731 587 1769 taurus
602 1730 678 1775 erat3
792 1730 846 1781 290

16 1842 17 1845 ,
74 1792 185 1860 Signatus
203 1792 271 1841 tenui
288 1791 365 1841 media
381 1791 444 1841 inter
461 1808 550 1841 cornua
565 1792 654 1857 nigro:

16 1874 17 1925 i
109 1864 164 1914 Una
180 1864 225 1914 fuit
242 1865 328 1923 labes,
351 1877 432 1915 cetera
446 1864 513 1913 latiis
530 1878 609 1913 erant.

16 1984 17 1999 ἢ
73 1940 142 1989 lllum
163 1936 350 2004 Cnosiadesque
368 1938 541 2004 Cydoneaeque
557 1935 668 2004 juvencae

16 2028 18 2091 3
110 2012 236 2078 Optarunt
253 2022 325 2079 tergo
341 2005 470 2061 sustinuisse
486 2010 538 2059 suo.

16 2098 17 2115 ¹
75 2086 190 2151 Pasiphnd
207 2082 260 2133 lieri
275 2084 394 2151 gaudebat
409 2084 518 2133 adultera
536 2081 621 2132 tauri:
795 2090 845 2142 295

109 2160 195 2209 lnvida
212 2156 327 2207 formosas
345 2156 431 2205 oderat
449 2156 489 2205 illa
506 2157 593 2205 boves.

76 2234 141 2283 Nota
152 2247 214 2282 cano
226 2246 234 2280 t
247 2246 296 2281 non
305 2231 352 2279 hoc
365 2262 373 2287 ,
393 2241 488 2279 eentum
499 2246 552 2294 quae
563 2226 660 2277 sustinet
670 2226 741 2275 urbes
752 2258 761 2285 ‚

111 2304 229 2370 Quamvis
244 2304 275 2353 sit
290 2303 411 2360 mendax,
429 2302 504 2351 Creta
520 2318 611 2369 negare
626 2298 715 2365 potest.

76 2380 127 2445 lpla
144 2394 222 2427 novas
238 2375 357 2433 frondes,
376 2375 401 2427 δι
417 2388 485 2441 prata
501 2375 654 2432 tenerrima,
671 2384 742 2424 tauro

110 2452 198 2502 Fertur
215 2448 329 2499 inalluett
347 2446 485 2498 subsecuill'e
503 2464 584 2497 manu.
796 2456 850 2509 300

76 2526 98 2576 It
116 2540 199 2575 comes
216 2522 349 2580 armentis;
370 2537 415 2571 nec
431 2521 518 2569 ituram
535 2529 592 2570 cura
608 2532 716 2570 moratur

115 2596 235 2663 Coniugis
253 2611 261 2645 t
280 2597 307 2646 ὃ(
322 2594 406 2645 Minos
422 2610 435 2642 a
452 2595 517 2643 bove
531 2594 608 2643 vidius
624 2605 687 2646 erat.

78 2660 215 2736 Qud'tibh
231 2667 366 2733 Pasiphae',
383 2667 498 2732 pretiosas
514 2668 608 2717 stunete
623 2662 728 2718 vestes?
816 2690 819 2698 ·

112 2744 158 2794 lile
175 2757 232 2793 tuus
248 2744 324 2791 nullas
342 2741 412 2791 sentit
428 2740 522 2797 adulter
538 2757 608 2806 opes.

79 2816 143 2883 Quid
160 2817 204 2867 tibi
222 2832 275 2863 cum
293 2814 390 2879 speculo
406 2826 518 2863 montana
532 2824 640 2863 armenta
654 2806 770 2876 petenti?
797 2818 848 2875 305

78 2883 83 2892 ’
111 2891 183 2966 ¹Quid
197 2889 273 2943 toties
287 2888 378 2959 positas
393 2884 463 2956 fingis
475 2920 487 2943 ,
501 2886 601 2952 inepta,
618 2882 723 2935 comos?
