2034 3709
3 327 30 849 ι

167 184 526 315 Mdnrcamrnx
535 250 717 328 FAcrer.
746 262 820 353 289

104 352 212 421 Induitis
225 345 292 412 coilo
306 362 397 429 lapides
412 364 518 417 Oriente
532 381 646 433 paratos:

145 432 179 482 Et
192 447 296 499 quantos
310 452 380 486 onem
373 437 426 487 est
439 456 498 489 aure
513 440 596 491 tulisse
592 444 674 496 duos.

106 503 165 555 Nec
180 518 261 557 tamen
274 508 418 577 indignum,
437 528 458 562 ιι
451 512 539 563 'vobis
551 530 608 565 cura
623 519 756 585 placendi·

146 577 209 629 Cium
225 593 320 633 comtos
334 584 438 635 habeant
454 586 534 637 secula
548 535 666 639 nostrap'
642 610 718 646 utros.

106 650 225 703 sentinea
239 654 311 705 vestri
325 658 450 722 poliuntur
464 660 520 728 lege
537 663 635 715 mariti·
829 687 861 737 25

143 724 209 775 Et
184 744 227 777 vix
243 728 274 777 ad
288 730 368 781 cultus
377 743 471 797 nupta
487 735 552 799 quod
563 735 653 796 addat
672 740 755 791 habet.
812 734 816 739 ¹

50 795 181 847 'Proin
191 798 215 849 ie
226 808 328 869 queque
340 817 446 867 parent;
464 822 511 857 nec
523 825 571 875 quo
581 824 701 863 venentur
711 831 825 879 amores,

142 871 249 925 Refert:
260 875 383 927 munditiae
397 878 494 929 crimina
510 883 575 931 nulla
589 898 694 937 merent.
829 935 832 944 ,

104 942 173 995 Rure
183 947 280 1005 latent,
296 947 438 1016 finguntque
450 968 551 1005 comas:
564 954 623 1005 licet
634 960 722 1011 arduus
737 961 821 1015 illas

140 1017 216 1069 Celet
231 1020 329 1081 Athos,
350 1026 428 1074 cultas
442 1027 505 1076 ultus
521 1028 618 1079 habebit
632 1030 722 1084 Athos.
826 1050 861 1103 30

102 1089 145 1139 Est
161 1092 234 1142 etiam
248 1056 360 1159 placuisse
375 1097 420 1147 sibi
435 1114 612 1167 quotacumque
629 1106 760 1172 voluptas:

140 1164 282 1232 Virginibus
296 1169 364 1218 cordi
379 1182 495 1238 grataque
505 1173 582 1225 forma
593 1174 633 1225 sua
647 1177 690 1229 est.

3 1261 13 1295 .;
104 1236 225 1289 Iaudatas
241 1240 332 1291 homini
346 1244 453 1294 volucris
467 1245 572 1311 Junonia
587 1264 678 1313 pennas

140 1310 274 1377 Explicat3
292 1313 319 1365 8(
332 1315 409 1366 forma
422 1330 487 1368 muta
498 1304 603 1411 superbit
616 1322 676 1377 avis.

102 1384 143 1433 Sic
155 1384 236 1450 potitis
251 1402 296 1437 nos
311 1401 367 1438 uret
379 1406 466 1449 amor,
483 1397 555 1459 quim
570 1394 673 1447 sortibus
684 1398 784 1461 herbis,
824 1415 856 1468 35

138 1456 208 1521 Quas
218 1476 286 1528 maga
300 1462 403 1511 terribili
413 1463 522 1517 subsecat
535 1477 587 1517 arte
603 1485 695 1520 manus.

4 1595 5 1598 Ἴ
98 1531 156 1582 Nec
172 1548 219 1583 vos
231 1535 395 1601 graminibus,
414 1553 461 1586 nec
474 1539 550 1589 mixto
562 1542 653 1593 credite·
665 1544 756 1599 succo·

137 1604 194 1654 Nec
209 1618 304 1657 tentate
319 1624 412 1659 nocens
427 1610 492 1661 virus
507 1614 608 1673 amantis
625 1630 702 1681 equae.
791 1612 794 1619 ’

99 1676 124 1727 N
126 1694 156 1727 ec
171 1679 258 1729 mediae
268 1680 357 1731 Marsis
367 1680 488 1732 finduntur
499 1686 608 1736 cantibus
623 1704 734 1756 angues·

138 1751 194 1801 Nec
210 1754 294 1802 redit
288 1771 312 1802 ιιι
327 1754 407 1805 sontes
418 1756 481 1805 unda
497 1758 579 1823 supina
594 1760 658 1811 suos.
823 1783 859 1831 40

100 1824 134 1873 iit
149 1826 258 1891 quamvis
272 1827 357 1893 aliquis
368 1827 491 1879 Temesaea
506 1833 640 1883 removerit
656 1852 722 1894 aera,
805 1902 808 1907 Ι

137 1899 274 1965 Numquam
289 1900 356 1949 Luna
371 1900 418 1950 suis
434 1904 573 1955 excutietur
589 1906 665 1971 equis.

99 1968 180 2021 Prima
195 1973 228 2022 sit
243 1971 269 2022 in
284 1974 353 2023 vobis
369 1990 462 2024 morum
479 1978 575 2037 tutela,
594 1980 703 2044 puellae:

136 2044 241 2112 Ingenio
256 2046 331 2097 iacies
348 2048 492 2100 conciliante
507 2052 598 2117 placet.

97 2119 191 2170 Certus
201 2135 269 2169 amor
278 2136 371 2169 morum
381 2120 432 2171 est:
445 2122 545 2173 formam
554 2122 709 2191 populabitur
718 2140 776 2179 retas
788 2160 796 2187 ,
820 2142 853 2193 45

136 2191 169 2241 Et
183 2193 286 2258 placitus
301 2194 367 2260 rugis
383 2196 464 2245 vultus
480 2208 561 2247 aratus
577 2198 632 2248 erit.

96 2264 209 2333 Tempus
221 2266 285 2325 etit,
303 2283 351 2333 quo
368 2283 414 2316 vos
428 2268 551 2333 speculum
565 2270 646 2321 vidisse
661 2271 774 2340 pigebit3

59 2394 62 2400 ¹
135 2339 168 2389 Et
185 2338 269 2389 veniet
282 2340 346 2407 rugis
363 2340 438 2390 altera
455 2342 544 2401 causa,
564 2344 644 2394 dolor.

97 2410 213 2470 Sufficit,
231 2412 258 2462 δι
272 2413 370 2482 longum
379 2414 486 2478 probitas
500 2416 632 2481 perdurat
625 2434 649 2465 ιιι
665 2434 763 2479 aevum5

135 2487 242 2551 Fertque
258 2484 313 2535 suos
328 2502 426 2535 annos·
419 2524 426 2537 .
438 2487 495 2539 hinc
512 2490 574 2541 bene
590 2490 681 2556 pendet
697 2510 773 2543 amor.
819 2509 854 2557 50

97 2560 174 2611 Disce
187 2574 252 2626 age,
272 2557 325 2609 crim
340 2572 440 2610 teneros
457 2561 551 2615 somnus
566 2562 679 2617 dimiserit
694 2579 780 2625 artus,
800 2594 803 2599 ·

136 2632 246 2683 Candida
261 2649 309 2699 quo
325 2633 419 2699 possint
434 2650 477 2683 ora
493 2634 571 2687 nitere
587 2636 670 2687 modo.

97 2705 220 2765 Hordea,
238 2723 291 2771 quae
305 2706 390 2774 Libyci
405 2707 495 2757 ratibus
510 2707 594 2758 misere
609 2710 710 2772 coloni,

46 2779 50 2784 ’
135 2777 204 2830 Exue
219 2779 251 2828 de
268 2780 338 2845 palea
353 2781 545 2847 tegminibusque
562 2780 615 2833 suis.

97 2851 145 2904 Par
162 2853 214 2902 ersi
229 2852 339 2901 mensura
354 2854 438 2903 decem
454 2853 567 2905 madefiat
583 2858 612 2905 ab
629 2854 701 2907 ovis:
821 2874 854 2927 55

135 2926 189 2991 Sed¹
202 2926 326 2979 cumulent
343 2926 415 2977 libras
430 2927 524 2979 hordea
541 2928 604 2981 nuda
621 2930 689 2985 duas.

165 3022 250 3077 Tomus
267 3017 292 3069 1.
516 3099 520 3107 .
742 3024 767 3075 N
