2034 3709
230 265 474 338 Remota
499 268 718 341 Arionis.
768 296 841 369 273

129 385 215 454 Atque
229 387 321 438 urinam
336 386 413 453 possis
427 387 499 437 etiam
515 388 631 457 facundus
647 388 734 441 inillis

168 461 222 511 Effe
239 461 245 510 l
263 461 321 510 dole
336 458 447 518 tantum
464 461 551 528 sponte
567 462 669 513 disertus
683 465 740 515 eris.
852 478 905 531 310

130 533 244 585 Haeserat
260 534 286 583 in
301 534 403 601 quadam
416 550 494 599 nuper
510 552 562 585 mea
578 551 635 584 cura
650 536 752 602 puellis
803 536 804 541 ’

167 608 326 657 Conveniens
343 607 421 656 animo
440 624 490 657 nou
505 620 557 658 erat
573 608 612 657 illa
629 625 694 658 meo.

129 678 241 731 Curabar
256 680 360 747 propriis
375 696 440 747 eger
456 679 590 731 Podalirius
607 680 707 733 herbis:

166 753 218 813 Et,
238 754 336 811 fateor,
354 753 462 805 medicus
477 755 581 819 turpiter
596 770 661 823 aeger
675 771 753 808 eram.

129 823 226 877 Profuit
240 824 335 877 assidu'e
349 826 413 876 viriis
427 826 534 877 insistere
551 827 632 877 amicae
644 844 654 887 3
850 842 899 895 315

166 900 245 966 idque
260 900 319 949 mihi
333 899 419 948 fastum
435 900 498 966 sepe
514 900 606 951 salubre
622 901 676 951 suit.

130 970 289 1037 Quarumala
301 972 355 1023 sunt
370 970 474 1032 nostrae,
492 974 618 1033 dicebam,
636 990 704 1029 crura
721 975 810 1043 puelle
821 974 828 1024 l

165 1046 222 1096 Nec
238 1058 339 1104 tamen,
356 1056 385 1095 ut
399 1045 458 1095 ver'e
473 1045 651 1105 confiteamur,
669 1062 748 1099 erant.

127 1118 231 1170 Brachia
247 1122 317 1185 qualm
331 1135 382 1168 non
398 1118 452 1177 sunt
466 1119 551 1170 nostrae
566 1120 669 1171 formosa
684 1122 790 1187 puellae!

165 1192 198 1241 Et
213 1205 310 1252 tamen,
330 1204 358 1241 ut
371 1191 431 1241 vere
447 1192 624 1252 confiteamur,
641 1207 718 1244 eraut.
849 1209 900 1259 320

127 1264 297 1330 Quimbrevia
305 1264 340 1316 est
349 1264 355 1313 !
365 1276 481 1315 necerat.
490 1266 570 1331 Quam
577 1267 675 1317 multum
681 1267 759 1333 poscit
765 1281 881 1319 amantem
892 1271 898 1319 l

124 1342 127 1347 ’
165 1338 231 1389 Hinc
247 1339 306 1390 odio
322 1339 390 1389 venit
405 1339 507 1389 maxima
523 1340 592 1389 causa
607 1356 672 1390 meo.

125 1408 160 1461 Et
175 1413 236 1462 mala
252 1412 306 1463 sunt
320 1412 399 1462 vicina
415 1412 484 1463 bonis
499 1429 509 1479 ς
525 1429 608 1463 errore
625 1412 666 1463 sub
682 1413 725 1464 illo

165 1483 215 1535 Pro
231 1485 293 1535 vitio
309 1486 385 1535 virtus
401 1486 498 1535 crimina
515 1486 576 1553 saepe
595 1470 670 1537 tulit!

127 1556 210 1622 Quam
224 1569 317 1624 potes,
334 1559 360 1607 in
374 1557 446 1625 pejus
461 1559 532 1609 dotes
550 1560 650 1609 deflette
666 1562 773 1625 puellae3
849 1575 900 1626 325

165 1629 334 1697 Iudiciumque
349 1631 417 1680 brevi
432 1631 509 1681 limite
522 1632 580 1681 falle
596 1644 673 1682 tuum.
985 1632 989 1641 ’

125 1702 254 1772 Turgida‚
272 1706 294 1755 si
307 1706 379 1772 plena
396 1702 429 1754 est
442 1719 449 1753 τ
462 1704 482 1753 si
497 1703 563 1755 fusca
577 1705 628 1765 eil,
647 1706 715 1773 nigra
731 1719 845 1758 uocetur.

163 1778 194 1827 ln
209 1778 293 1846 gracili
309 1778 397 1827 macies
413 1777 503 1848 crimen
518 1779 608 1829 habere
623 1780 710 1845 potest.

124 1851 159 1901 Et
174 1852 268 1918 poterit
283 1852 331 1901 dici
344 1851 476 1916 petulans,
495 1866 549 1917 quar
567 1852 651 1901 rustica
667 1868 716 1902 non
731 1851 784 1909 est;

164 1924 196 1975 Et
210 1924 302 1990 poterit
317 1924 364 1973 dici
379 1923 481 1982 rustica,
500 1925 522 1973 si
538 1940 585 1990 qua
601 1926 677 1990 proba
695 1924 738 1975 est.
839 1938 901 1989 ¹330

125 1995 195 2061 Quin
211 1999 303 2056 etiam,
321 2012 473 2063 quacumque
488 2010 556 2057 caret
570 2009 611 2046 tua
628 1997 714 2047 femina
732 1997 812 2057 dote,

151 2071 235 2123 ‚Hanc
251 2083 369 2128 moveat,
389 2070 482 2119 blandis
498 2086 575 2135 usque
591 2086 693 2136 precare
710 2066 781 2119 sonis.

125 2142 205 2210 Exige
222 2144 287 2210 quod
303 2153 404 2201 cantet,
420 2144 440 2193 si
457 2159 504 2208 qua
518 2143 551 2191 est
566 2142 619 2193 sine
635 2158 698 2193 voce
714 2144 793 2207 puella
806 2161 815 2202 ;

163 2217 212 2266 Fac
228 2217 316 2274 saltet,
334 2215 411 2266 nescit
424 2216 444 2265 si
459 2222 506 2282 qu'a
520 2232 620 2266 movere
637 2233 741 2266 manum.
834 2256 841 2271 ,

124 2290 234 2343 Barbara
249 2290 358 2341 sermone
374 2289 427 2346 est;
444 2289 482 2338 fac
498 2300 580 2339 tecum
595 2291 668 2339 multa
683 2291 806 2355 loquatur·
849 2301 900 2353 335

163 2363 222 2418 Non
236 2361 321 2413 didicit
335 2361 437 2412 chordas
453 2374 554 2429 tangere
566 2380 575 2421 ;
592 2361 665 2429 posce
679 2363 767 2429 lyram.

124 2435 221 2491 Durirls
237 2436 352 2493 inceditr
368 2435 421 2484 iace
437 2435 593 2485 inambulet:
613 2451 684 2485 omne
700 2436 804 2502 papillae¹

164 2509 250 2559 Pelius
266 2510 356 2559 habent
372 2507 489 2566 tumidam
505 2508 576 2557 fascia
592 2509 657 2557 nulla
671 2519 748 2576 tegat.

125 2581 154 2638 Si
167 2581 229 2634 male
246 2583 343 2632 dentata
358 2581 410 2639 οὒς
429 2597 517 2639 narra,
536 2581 601 2647 quod
617 2580 712 2641 rideat,
731 2581 775 2631 illi.
876 2582 879 2591 ’

71 2710 78 2718 .
163 2656 282 2706 Mollibus
298 2654 332 2704 est
347 2654 446 2711 oculis;
463 2654 529 2720 quod
542 2654 600 2703 sseat
614 2654 674 2713 illa,
693 2654 769 2705 refer.
851 2664 906 2717 340

125 2726 240 2780 Proderit
256 2728 283 2779 δι
300 2725 396 2786 subitd,
415 2724 470 2775 crim
486 2726 511 2776 se
526 2743 575 2777 non
589 2725 685 2777 finxerit
700 2727 766 2785 ulli,

164 2801 204 2851 nd
223 2800 343 2851 dominam
357 2801 452 2851 celeres
468 2816 538 2849 mane
556 2800 632 2851 tulille
649 2801 746 2867 gradus.

129 2873 269 2937 Auferimur
286 2875 354 2924 cultu
368 2889 376 2923 ε
392 2874 491 2940 gemmis
507 2890 617 2940 auroque
633 2886 752 2940 teguntur

168 2947 258 3001 Omnia
274 2963 281 2999 :
298 2964 353 3014 pars
369 2946 464 2999 minima
480 2946 514 2999 est
530 2947 579 3013 ipsa
594 2948 674 3012 puella
691 2945 734 2997 sui.

738 3036 799 3092 Ma
