2034 3709
195 266 703 339 Hrnornas.Er.X11.
759 291 808 367 55

96 384 166 437 Laese
176 396 264 452 pater,
276 386 353 453 gaude
365 402 372 437 a
385 387 472 439 Colchi
483 387 587 455 gaudete
597 387 682 441 reliui.

134 460 237 510 Inferias
249 462 337 509 umbra
348 460 427 511 fratris
439 462 530 512 habete
543 462 600 513 mei.
821 462 872 517 160

96 532 225 591 Deseror,
236 530 345 597 (amissis
352 550 428 601 regno
437 568 444 593 ,
452 534 591 601 patriique,
602 534 721 603 domoque
729 536 756 605 ,)

135 604 264 673 conjuge,
276 607 316 673 qui
325 608 394 656 nobis
405 608 485 657 omnia
497 606 560 658 solus
570 620 632 659 erat.

98 679 234 745 Serpentes
245 680 319 747 igitur
329 681 397 747 potui
409 694 542 748 taurosque
553 682 663 733 furentes
674 716 682 742 ,

134 753 218 801 Unum
229 769 278 803 non
289 747 358 819 potui
366 754 527 819 perdomuisse
539 754 638 805 virum?

98 823 212 892 Quaeque
222 825 288 877 feros
298 827 379 892 pepuli
389 827 464 877 deuia
476 828 633 879 medicatibus
641 828 726 897 ignes,
820 827 870 892 165

134 899 195 947 Non
204 900 275 949 valeo
285 900 389 949 dammas
399 900 506 969 effugere
517 900 566 967 ipsa
577 916 642 951 meas
653 900 664 949 ἓ

96 972 148 1037 ipsi
154 989 193 1021 me
204 984 303 1031 cantus,
315 972 764 1041 herbaeque,artesque,relinquunti

134 1046 177 1094 Nil
187 1045 257 1104 Dea,
270 1047 303 1095 nil
312 1046 419 1097 Hecates
431 1048 495 1097 sacra
506 1048 614 1113 potentis
626 1060 699 1115 agunt
711 1047 721 1097 ἓ

96 1118 158 1169 Non
168 1120 226 1168 mihi
237 1130 304 1187 grata
315 1120 366 1170 dies
376 1136 384 1171 a
399 1120 482 1171 nodies
496 1121 628 1187 vigilantur
640 1136 726 1173 amatae
737 1136 746 1172 ε

55 1258 58 1261 ι
135 1192 190 1241 Nec
199 1193 397 1243 tenerinmilero
406 1195 506 1261 pellere
515 1194 610 1244 somnus
620 1193 693 1244 adesi.
823 1209 874 1263 170

97 1264 163 1329 Quae
174 1279 213 1316 me
224 1282 273 1316 non
284 1265 391 1332 polium,
407 1268 477 1334 potui
492 1266 570 1334 sopire
587 1268 728 1320 draconem.

30 1340 34 1347 '
136 1340 228 1390 Utilior
239 1340 330 1409 cuivis,
342 1344 412 1407 quim
421 1339 478 1390 mihi
485 1374 492 1399 ‚
506 1355 563 1390 eura
578 1358 631 1391 mea
649 1341 691 1391 eli.

99 1410 172 1476 Quos
184 1430 231 1480 ego
240 1406 346 1473 servavi,
356 1415 437 1479 pellex
447 1411 596 1480 ampleelitur
607 1446 616 1473 ,
626 1426 709 1474 artus;

135 1485 167 1535 Et
182 1486 254 1535 nostri
268 1486 357 1537 frustm
366 1488 406 1537 illa
419 1488 506 1537 laboris
518 1488 599 1537 habet.

98 1558 117 1609 F
120 1558 211 1608 orsltan
224 1560 265 1618 dc,
281 1559 356 1610 stultae
368 1560 423 1610 dum
431 1573 456 1611 te
468 1558 557 1626 jadaea
567 1560 658 1611 maritae
820 1575 871 1626 175

137 1632 254 1696 Quaeris,
270 1634 295 1683 &
310 1632 401 1699 injustis
417 1634 513 1685 auribus
525 1646 580 1701 apta
593 1634 678 1700 loqui,

96 1706 127 1756 ln
140 1706 227 1755 faciem
237 1722 365 1773 moresque
375 1724 441 1757 meos
450 1722 515 1758 nova
525 1708 624 1757 crimina
633 1705 725 1775 finget:
762 1763 765 1769 ,

137 1778 244 1838 Rideat,
264 1780 289 1829 ὃ(
302 1780 367 1831 vitiis
379 1782 433 1831 laeta
449 1780 479 1830 sit
489 1781 529 1830 illa
540 1781 609 1831 mels.
769 1829 774 1833 .

95 1850 203 1911 Rideat,
219 1852 245 1904 δι
260 1850 338 1920 Tyrio
347 1852 428 1919 jaceat
440 1852 543 1905 sublimis
552 1855 577 1905 in
588 1852 652 1903 ostro
665 1869 675 1912 ς

135 1926 233 1984 Flebit,
248 1926 382 1978 &ardores
394 1928 476 1983 vincet
486 1926 567 1978 adusta
576 1943 655 1977 meos.
747 1962 752 1972 ·
824 1925 873 1977 180

8 2030 9 2034 =
43 2010 44 2013 ’
96 2000 166 2049 Dum
176 2000 419 2069 ferrumflammaeque
429 2002 546 2059 aderunt,
559 1999 693 2068 succusque
703 1997 812 2064 veneni,

135 2073 217 2123 Hostis
229 2073 325 2125 Medea
336 2078 415 2125 nullus
429 2076 517 2127 inultus
531 2075 585 2124 erit.
680 2122 684 2127 .

97 2146 178 2211 Quod
186 2147 206 2197 si
217 2146 281 2197 forte
291 2164 377 2213 preces
388 2147 521 2213 precordia
531 2148 611 2196 ferrea
620 2158 739 2215 tangunt,

136 2221 208 2269 Nunc
219 2220 301 2273 animis
315 2221 370 2271 audi
385 2221 459 2271 verba
475 2221 566 2271 minora
577 2220 647 2269 meis.
747 2232 750 2236 ⁴

97 2294 162 2343 Tam
173 2293 215 2343 tibi
226 2294 275 2343 sum
286 2294 399 2360 supplex,
410 2296 480 2359 quam
491 2305 520 2343 tu
527 2294 585 2343 mihi
595 2292 658 2359 saepe
667 2289 750 2353 suilla
825 2292 874 2357 185

137 2366 193 2416 Nec
204 2382 286 2417 moror
294 2378 351 2417 ante
363 2379 418 2418 tuos
431 2364 581 2435 procubuille
590 2367 675 2433 pedes.

93 2439 125 2491 ‘Si
137 2440 182 2490 tibi
200 2440 248 2490 sum
258 2441 332 2499 vilis,
345 2456 485 2491 communes
494 2439 587 2506 respice
601 2452 682 2490 natos.

136 2514 228 2563 Saeviet
238 2512 261 2562 in
272 2526 354 2579 partus
364 2513 414 2563 dira
429 2530 537 2565 noverca
548 2524 625 2568 ineos.

97 2586 131 2637 Et
146 2585 243 2637 nimium
254 2587 344 2652 similes
356 2587 401 2637 tibi
410 2587 477 2647 sunt,
491 2588 517 2637 &
526 2586 628 2655 imagine
635 2599 721 2655 tangor
733 2602 741 2638 a

136 2660 168 2709 Et
177 2692 184 2718 ,
193 2661 288 2727 quoties
297 2661 388 2721 video,
403 2661 492 2712 lumina
502 2658 581 2711 nostra
591 2657 697 2715 madent.
772 2713 775 2717 A
824 2671 874 2724 190

98 2732 147 2784 Per
158 2732 256 2799 superos
274 2752 341 2792 oro,
356 2749 399 2801 per
416 2734 487 2785 avitae
504 2735 594 2784 lumina
609 2731 730 2791 dammae,

137 2804 183 2855 Per
198 2808 309 2857 meritum
320 2842 327 2866 ,
340 2808 365 2859 &
376 2821 461 2867 natos,
472 2806 573 2877 pignora
588 2806 665 2858 nollra
678 2840 685 2866 ‚
697 2806 757 2855 duos
770 2820 778 2855 t
853 2847 855 2852 .

98 2876 186 2931 Redde
195 2892 274 2929 torum
285 2915 292 2941 ,
303 2898 348 2947 pro
359 2899 407 2949 qno
421 2896 459 2933 tot
468 2898 507 2931 res
520 2882 599 2931 insana
608 2880 710 2946 reliqui:

123 2950 208 3007 'Adde
217 2952 290 3007 fidem
304 2955 391 3018 diuis,
408 2954 570 3023 auxiliumipre
581 2954 656 3006 refer.
709 3021 748 3075 c·

376 3066 378 3069 .
741 3038 768 3073 rr
