<?xml version="1.0" encoding="UTF-8"?>
<!DOCTYPE html PUBLIC "-//W3C//DTD XHTML 1.0 Transitional//EN"
    "http://www.w3.org/TR/xhtml1/DTD/xhtml1-transitional.dtd">
<html xmlns="http://www.w3.org/1999/xhtml" xml:lang="en" lang="en">
 <head>
  <title>
</title>
<meta http-equiv="Content-Type" content="text/html;charset=utf-8" />
  <meta name='ocr-system' content='tesseract 3.04.00' />
  <meta name='ocr-capabilities' content='ocr_page ocr_carea ocr_par ocr_line ocrx_word'/>
</head>
<body>
  <div class='ocr_page' id='page_1' title='image "./povidiinasoniso07ovidgoog_0077.png"; bbox 0 0 2034 3709; ppageno 0'>
   <div class='ocr_carea' id='block_1_1' title="bbox 194 264 800 391">
    <p class='ocr_par' dir='ltr' id='par_1_1' title="bbox 194 264 800 391">
     <span class='ocr_line' id='line_1_1' title="bbox 194 264 800 391; baseline 0.007 -31"><span class='ocrx_word' id='word_1_1' title='bbox 194 264 474 361; x_wconf 56' lang='lat' dir='ltr'>&#39;Hrnornnn</span> <span class='ocrx_word' id='word_1_2' title='bbox 496 294 575 362; x_wconf 78' lang='grc' dir='ltr'>ΕΡ.</span> <span class='ocrx_word' id='word_1_3' title='bbox 600 294 701 364; x_wconf 88' lang='lat' dir='ltr'><em>XII.</em></span> <span class='ocrx_word' id='word_1_4' title='bbox 751 316 800 391; x_wconf 84' lang='lat'>53</span> 
     </span>
    </p>
   </div>
   <div class='ocr_carea' id='block_1_2' title="bbox 87 406 910 3047">
    <p class='ocr_par' dir='ltr' id='par_1_2' title="bbox 90 406 657 551">
     <span class='ocr_line' id='line_1_2' title="bbox 90 406 648 479; baseline 0.004 -18"><span class='ocrx_word' id='word_1_5' title='bbox 90 406 236 462; x_wconf 78' lang='lat' dir='ltr'>Consciasit</span> <span class='ocrx_word' id='word_1_6' title='bbox 245 412 259 465; x_wconf 90' lang='lat' dir='ltr'>J</span> <span class='ocrx_word' id='word_1_7' title='bbox 261 429 310 461; x_wconf 91' lang='lat' dir='ltr'>uno</span> <span class='ocrx_word' id='word_1_8' title='bbox 320 444 327 471; x_wconf 93' lang='lat'>,</span> <span class='ocrx_word' id='word_1_9' title='bbox 340 412 410 463; x_wconf 83' lang='lat' dir='ltr'>sacris</span> <span class='ocrx_word' id='word_1_10' title='bbox 420 412 532 479; x_wconf 62' lang='lat' dir='ltr'>praefeda</span> <span class='ocrx_word' id='word_1_11' title='bbox 543 413 648 472; x_wconf 76' lang='lat' dir='ltr'>maritis3</span> 
     </span>
     <span class='ocr_line' id='line_1_3' title="bbox 129 484 657 551; baseline 0.009 -17"><span class='ocrx_word' id='word_1_12' title='bbox 129 484 161 534; x_wconf 91' lang='lat' dir='ltr'>Et</span> <span class='ocrx_word' id='word_1_13' title='bbox 171 484 228 535; x_wconf 89' lang='lat' dir='ltr'>Dea</span> <span class='ocrx_word' id='word_1_14' title='bbox 237 484 386 544; x_wconf 75' lang='lat' dir='ltr'>,marmorei</span> <span class='ocrx_word' id='word_1_15' title='bbox 395 486 464 551; x_wconf 84' lang='lat' dir='ltr'>cujus</span> <span class='ocrx_word' id='word_1_16' title='bbox 474 487 498 535; x_wconf 93' lang='lat' dir='ltr'>in</span> <span class='ocrx_word' id='word_1_17' title='bbox 506 487 557 537; x_wconf 85' lang='lat' dir='ltr'>aede</span> <span class='ocrx_word' id='word_1_18' title='bbox 568 486 657 539; x_wconf 75' lang='lat' dir='ltr'>stamus.</span> 
     </span>
    </p>

    <p class='ocr_par' dir='ltr' id='par_1_3' title="bbox 92 557 845 699">
     <span class='ocr_line' id='line_1_4' title="bbox 92 557 832 631; baseline 0.005 -24"><span class='ocrx_word' id='word_1_19' title='bbox 92 557 154 608; x_wconf 81' lang='lat' dir='ltr'>Haec</span> <span class='ocrx_word' id='word_1_20' title='bbox 166 560 268 609; x_wconf 85' lang='lat' dir='ltr'>animum</span> <span class='ocrx_word' id='word_1_21' title='bbox 279 557 324 623; x_wconf 88' lang='lat'>(&amp;</span> <span class='ocrx_word' id='word_1_22' title='bbox 334 571 408 625; x_wconf 91' lang='lat' dir='ltr'>quota</span> <span class='ocrx_word' id='word_1_23' title='bbox 417 574 471 625; x_wconf 81' lang='lat' dir='ltr'>pars</span> <span class='ocrx_word' id='word_1_24' title='bbox 480 559 532 608; x_wconf 80' lang='lat' dir='ltr'>lraee</span> <span class='ocrx_word' id='word_1_25' title='bbox 542 560 595 609; x_wconf 86' lang='lat' dir='ltr'>lunt</span> <span class='ocrx_word' id='word_1_26' title='bbox 602 558 613 610; x_wconf 72' lang='lat' dir='ltr'>l</span> <span class='ocrx_word' id='word_1_27' title='bbox 620 562 632 629; x_wconf 92' lang='lat'><em>)</em></span> <span class='ocrx_word' id='word_1_28' title='bbox 640 559 832 631; x_wconf 66' lang='lat' dir='ltr'>morireptiellae</span> 
     </span>
     <span class='ocr_line' id='line_1_5' title="bbox 129 631 845 699; baseline 0.008 -19"><span class='ocrx_word' id='word_1_29' title='bbox 129 632 269 697; x_wconf 84' lang='lat' dir='ltr'>Simplicis;</span> <span class='ocrx_word' id='word_1_30' title='bbox 281 631 408 683; x_wconf 71' lang='lat' dir='ltr'>&amp;dextrae</span> <span class='ocrx_word' id='word_1_31' title='bbox 418 632 517 683; x_wconf 85' lang='lat' dir='ltr'>dextera</span> <span class='ocrx_word' id='word_1_32' title='bbox 526 631 605 698; x_wconf 74' lang='lat' dir='ltr'>junlla</span> <span class='ocrx_word' id='word_1_33' title='bbox 615 650 685 685; x_wconf 81' lang='lat' dir='ltr'>meae.</span> <span class='ocrx_word' id='word_1_34' title='bbox 810 648 845 699; x_wconf 86' lang='lat'>90</span> 
     </span>
    </p>

    <p class='ocr_par' dir='ltr' id='par_1_4' title="bbox 92 704 720 845">
     <span class='ocr_line' id='line_1_6' title="bbox 92 704 720 773; baseline -0.003 -15"><span class='ocrx_word' id='word_1_35' title='bbox 92 704 152 758; x_wconf 87' lang='lat' dir='ltr'>Vidi</span> <span class='ocrx_word' id='word_1_36' title='bbox 160 706 234 755; x_wconf 86' lang='lat' dir='ltr'>etiam</span> <span class='ocrx_word' id='word_1_37' title='bbox 243 708 359 773; x_wconf 80' lang='lat' dir='ltr'>lacrymas</span> <span class='ocrx_word' id='word_1_38' title='bbox 367 721 375 754; x_wconf 75' lang='lat' dir='ltr'>t</span> <span class='ocrx_word' id='word_1_39' title='bbox 384 722 414 754; x_wconf 88' lang='lat' dir='ltr'>an</span> <span class='ocrx_word' id='word_1_40' title='bbox 421 722 475 772; x_wconf 84' lang='lat' dir='ltr'>pars</span> <span class='ocrx_word' id='word_1_41' title='bbox 483 705 517 754; x_wconf 86' lang='lat' dir='ltr'>est</span> <span class='ocrx_word' id='word_1_42' title='bbox 524 706 613 756; x_wconf 82' lang='lat' dir='ltr'>fraudis</span> <span class='ocrx_word' id='word_1_43' title='bbox 622 708 646 757; x_wconf 93' lang='lat' dir='ltr'>in</span> <span class='ocrx_word' id='word_1_44' title='bbox 655 706 720 758; x_wconf 75' lang='lat' dir='ltr'>iltis?</span> 
     </span>
     <span class='ocr_line' id='line_1_7' title="bbox 130 776 621 845; baseline 0.006 -18"><span class='ocrx_word' id='word_1_45' title='bbox 130 778 172 827; x_wconf 85' lang='lat' dir='ltr'>Sic</span> <span class='ocrx_word' id='word_1_46' title='bbox 185 776 235 829; x_wconf 77' lang='lat' dir='ltr'>cito</span> <span class='ocrx_word' id='word_1_47' title='bbox 246 779 294 829; x_wconf 87' lang='lat' dir='ltr'>sum</span> <span class='ocrx_word' id='word_1_48' title='bbox 303 780 383 828; x_wconf 82' lang='lat' dir='ltr'>verbis</span> <span class='ocrx_word' id='word_1_49' title='bbox 393 790 461 845; x_wconf 84' lang='lat' dir='ltr'>capta</span> <span class='ocrx_word' id='word_1_50' title='bbox 472 780 553 844; x_wconf 85' lang='lat' dir='ltr'>puella</span> <span class='ocrx_word' id='word_1_51' title='bbox 562 780 621 830; x_wconf 81' lang='lat' dir='ltr'>tuis.</span> 
     </span>
    </p>

    <p class='ocr_par' dir='ltr' id='par_1_5' title="bbox 91 850 691 991">
     <span class='ocr_line' id='line_1_8' title="bbox 91 850 691 918; baseline 0.002 -15"><span class='ocrx_word' id='word_1_52' title='bbox 91 850 106 903; x_wconf 88' lang='lat' dir='ltr'>J</span> <span class='ocrx_word' id='word_1_53' title='bbox 108 854 179 918; x_wconf 83' lang='lat' dir='ltr'>ungis</span> <span class='ocrx_word' id='word_1_54' title='bbox 191 852 216 903; x_wconf 68' lang='grc' dir='ltr'>ἃ</span> <span class='ocrx_word' id='word_1_55' title='bbox 225 852 352 917; x_wconf 74' lang='lat' dir='ltr'>aeripedes,</span> <span class='ocrx_word' id='word_1_56' title='bbox 362 851 470 902; x_wconf 80' lang='lat' dir='ltr'>inadusto</span> <span class='ocrx_word' id='word_1_57' title='bbox 476 867 590 918; x_wconf 90' lang='lat' dir='ltr'>corpore,</span> <span class='ocrx_word' id='word_1_58' title='bbox 597 864 691 912; x_wconf 57' lang='lat' dir='ltr'>tauron</span> 
     </span>
     <span class='ocr_line' id='line_1_9' title="bbox 129 924 648 991; baseline 0.004 -18"><span class='ocrx_word' id='word_1_59' title='bbox 129 924 162 974; x_wconf 87' lang='lat' dir='ltr'>Et</span> <span class='ocrx_word' id='word_1_60' title='bbox 173 925 272 975; x_wconf 86' lang='lat' dir='ltr'>solidam</span> <span class='ocrx_word' id='word_1_61' title='bbox 282 924 342 991; x_wconf 79' lang='lat' dir='ltr'>julio</span> <span class='ocrx_word' id='word_1_62' title='bbox 353 941 452 975; x_wconf 87' lang='lat' dir='ltr'>vomere</span> <span class='ocrx_word' id='word_1_63' title='bbox 463 924 533 974; x_wconf 84' lang='lat' dir='ltr'>findis</span> <span class='ocrx_word' id='word_1_64' title='bbox 541 925 648 975; x_wconf 88' lang='lat' dir='ltr'>humum.</span> 
     </span>
    </p>

    <p class='ocr_par' dir='ltr' id='par_1_6' title="bbox 92 996 843 1139">
     <span class='ocr_line' id='line_1_10' title="bbox 92 996 843 1064; baseline 0.008 -18"><span class='ocrx_word' id='word_1_65' title='bbox 92 996 160 1047; x_wconf 78' lang='lat' dir='ltr'>Arva</span> <span class='ocrx_word' id='word_1_66' title='bbox 170 1000 312 1057; x_wconf 78' lang='lat' dir='ltr'>venenatis,</span> <span class='ocrx_word' id='word_1_67' title='bbox 330 1014 375 1064; x_wconf 91' lang='lat' dir='ltr'>pro</span> <span class='ocrx_word' id='word_1_68' title='bbox 385 998 473 1047; x_wconf 89' lang='lat' dir='ltr'>semine</span> <span class='ocrx_word' id='word_1_69' title='bbox 483 1036 489 1060; x_wconf 90' lang='lat'>,</span> <span class='ocrx_word' id='word_1_70' title='bbox 500 998 611 1049; x_wconf 81' lang='lat' dir='ltr'>dentibus</span> <span class='ocrx_word' id='word_1_71' title='bbox 621 1000 723 1064; x_wconf 80' lang='lat' dir='ltr'><strong>imples:</strong></span> <span class='ocrx_word' id='word_1_72' title='bbox 809 1014 843 1064; x_wconf 85' lang='lat'>95</span> 
     </span>
     <span class='ocr_line' id='line_1_11' title="bbox 130 1070 702 1139; baseline 0.005 -20"><span class='ocrx_word' id='word_1_73' title='bbox 130 1071 243 1122; x_wconf 84' lang='lat' dir='ltr'>Nascitur</span> <span class='ocrx_word' id='word_1_74' title='bbox 254 1105 262 1130; x_wconf 92' lang='lat'>,</span> <span class='ocrx_word' id='word_1_75' title='bbox 273 1070 398 1139; x_wconf 83' lang='lat' dir='ltr'>&amp;gladios</span> <span class='ocrx_word' id='word_1_76' title='bbox 410 1072 524 1138; x_wconf 85' lang='lat' dir='ltr'>scutaque</span> <span class='ocrx_word' id='word_1_77' title='bbox 537 1072 604 1121; x_wconf 85' lang='lat' dir='ltr'>miles</span> <span class='ocrx_word' id='word_1_78' title='bbox 617 1074 702 1123; x_wconf 83' lang='lat' dir='ltr'>habet.</span> 
     </span>
    </p>

    <p class='ocr_par' dir='ltr' id='par_1_7' title="bbox 92 1144 791 1269">
     <span class='ocr_line' id='line_1_12' title="bbox 92 1144 791 1213; baseline 0.001 -20"><span class='ocrx_word' id='word_1_79' title='bbox 92 1144 145 1211; x_wconf 85' lang='lat' dir='ltr'>ipsa</span> <span class='ocrx_word' id='word_1_80' title='bbox 157 1161 224 1213; x_wconf 87' lang='lat' dir='ltr'>ego,</span> <span class='ocrx_word' id='word_1_81' title='bbox 242 1162 296 1213; x_wconf 78' lang='lat' dir='ltr'>quae</span> <span class='ocrx_word' id='word_1_82' title='bbox 315 1146 427 1195; x_wconf 80' lang='lat' dir='ltr'>dederam</span> <span class='ocrx_word' id='word_1_83' title='bbox 440 1144 613 1204; x_wconf 79' lang='lat' dir='ltr'>medicamina,</span> <span class='ocrx_word' id='word_1_84' title='bbox 630 1146 717 1211; x_wconf 85' lang='lat' dir='ltr'>pallida</span> <span class='ocrx_word' id='word_1_85' title='bbox 727 1144 791 1205; x_wconf 80' lang='lat' dir='ltr'>sedi,</span> 
     </span>
     <span class='ocr_line' id='line_1_13' title="bbox 131 1216 604 1269; baseline 0.002 -2"><span class='ocrx_word' id='word_1_86' title='bbox 131 1216 192 1267; x_wconf 82' lang='lat' dir='ltr'>Ctim</span> <span class='ocrx_word' id='word_1_87' title='bbox 202 1219 253 1268; x_wconf 85' lang='lat' dir='ltr'>vidi</span> <span class='ocrx_word' id='word_1_88' title='bbox 262 1218 354 1269; x_wconf 87' lang='lat' dir='ltr'>subitos</span> <span class='ocrx_word' id='word_1_89' title='bbox 364 1236 426 1269; x_wconf 81' lang='lat' dir='ltr'>arma</span> <span class='ocrx_word' id='word_1_90' title='bbox 434 1231 521 1269; x_wconf 85' lang='lat' dir='ltr'>tenere</span> <span class='ocrx_word' id='word_1_91' title='bbox 529 1218 604 1269; x_wconf 77' lang='lat' dir='ltr'>viros.</span> 
     </span>
    </p>

    <p class='ocr_par' dir='ltr' id='par_1_8' title="bbox 92 1290 863 1417">
     <span class='ocr_line' id='line_1_14' title="bbox 92 1290 844 1361; baseline 0.003 -20"><span class='ocrx_word' id='word_1_92' title='bbox 92 1290 183 1341; x_wconf 89' lang='lat' dir='ltr'>Donec</span> <span class='ocrx_word' id='word_1_93' title='bbox 195 1292 340 1361; x_wconf 81' lang='lat' dir='ltr'>terrigeuae,</span> <span class='ocrx_word' id='word_1_94' title='bbox 356 1292 448 1342; x_wconf 78' lang='lat' dir='ltr'>ferinus</span> <span class='ocrx_word' id='word_1_95' title='bbox 457 1292 604 1351; x_wconf 78' lang='lat' dir='ltr'>miserabile,</span> <span class='ocrx_word' id='word_1_96' title='bbox 615 1292 702 1344; x_wconf 83' lang='lat' dir='ltr'>fratres</span> <span class='ocrx_word' id='word_1_97' title='bbox 840 1344 844 1349; x_wconf 79' lang='grc'><em>,</em></span> 
     </span>
     <span class='ocr_line' id='line_1_15' title="bbox 129 1364 863 1417; baseline 0.004 -4"><span class='ocrx_word' id='word_1_98' title='bbox 129 1364 197 1414; x_wconf 87' lang='lat' dir='ltr'>luter</span> <span class='ocrx_word' id='word_1_99' title='bbox 205 1366 229 1415; x_wconf 84' lang='lat' dir='ltr'>se</span> <span class='ocrx_word' id='word_1_100' title='bbox 239 1366 326 1417; x_wconf 72' lang='lat' dir='ltr'>liridias</span> <span class='ocrx_word' id='word_1_101' title='bbox 338 1366 482 1416; x_wconf 81' lang='lat' dir='ltr'>conseruere</span> <span class='ocrx_word' id='word_1_102' title='bbox 491 1383 584 1417; x_wconf 86' lang='lat' dir='ltr'>mauus.</span> <span class='ocrx_word' id='word_1_103' title='bbox 813 1378 863 1417; x_wconf 87' lang='lat' dir='ltr'>too</span> 
     </span>
    </p>

    <p class='ocr_par' dir='ltr' id='par_1_9' title="bbox 93 1434 819 1579">
     <span class='ocr_line' id='line_1_16' title="bbox 93 1434 819 1506; baseline 0.006 -20"><span class='ocrx_word' id='word_1_104' title='bbox 93 1434 200 1504; x_wconf 84' lang='lat' dir='ltr'>Pervigil</span> <span class='ocrx_word' id='word_1_105' title='bbox 210 1437 269 1489; x_wconf 73' lang='lat' dir='ltr'>ecre</span> <span class='ocrx_word' id='word_1_106' title='bbox 280 1440 352 1489; x_wconf 85' lang='lat' dir='ltr'>draco</span> <span class='ocrx_word' id='word_1_107' title='bbox 363 1472 370 1498; x_wconf 98' lang='lat'>,</span> <span class='ocrx_word' id='word_1_108' title='bbox 383 1440 506 1506; x_wconf 86' lang='lat' dir='ltr'>squammis</span> <span class='ocrx_word' id='word_1_109' title='bbox 511 1439 688 1505; x_wconf 75' lang='lat' dir='ltr'>&#39;crepitantibus</span> <span class='ocrx_word' id='word_1_110' title='bbox 698 1440 819 1499; x_wconf 75' lang='lat' dir='ltr'>horrent,</span> 
     </span>
     <span class='ocr_line' id='line_1_17' title="bbox 130 1512 668 1579; baseline 0.007 -20"><span class='ocrx_word' id='word_1_111' title='bbox 130 1512 214 1561; x_wconf 82' lang='lat' dir='ltr'>Sibilat</span> <span class='ocrx_word' id='word_1_112' title='bbox 225 1530 234 1571; x_wconf 83' lang='lat'>3</span> <span class='ocrx_word' id='word_1_113' title='bbox 248 1514 273 1563; x_wconf 81' lang='lat' dir='ltr'>dt</span> <span class='ocrx_word' id='word_1_114' title='bbox 284 1526 351 1563; x_wconf 87' lang='lat' dir='ltr'>torto</span> <span class='ocrx_word' id='word_1_115' title='bbox 367 1513 466 1579; x_wconf 67' lang='lat' dir='ltr'>pellere</span> <span class='ocrx_word' id='word_1_116' title='bbox 475 1514 551 1563; x_wconf 83' lang='lat' dir='ltr'>verrit</span> <span class='ocrx_word' id='word_1_117' title='bbox 561 1515 668 1563; x_wconf 84' lang='lat' dir='ltr'>humum.</span> 
     </span>
    </p>

    <p class='ocr_par' dir='ltr' id='par_1_10' title="bbox 92 1580 755 1726">
     <span class='ocr_line' id='line_1_18' title="bbox 92 1580 755 1653; baseline 0.005 -20"><span class='ocrx_word' id='word_1_118' title='bbox 92 1584 167 1634; x_wconf 87' lang='lat' dir='ltr'>Dotis</span> <span class='ocrx_word' id='word_1_119' title='bbox 179 1602 239 1651; x_wconf 88' lang='lat' dir='ltr'>opes</span> <span class='ocrx_word' id='word_1_120' title='bbox 248 1587 288 1636; x_wconf 92' lang='lat' dir='ltr'>ubi</span> <span class='ocrx_word' id='word_1_121' title='bbox 296 1585 369 1645; x_wconf 64' lang='lat' dir='ltr'>tune?</span> <span class='ocrx_word' id='word_1_122' title='bbox 387 1587 428 1635; x_wconf 85' lang='lat' dir='ltr'>ubi</span> <span class='ocrx_word' id='word_1_123' title='bbox 439 1580 555 1636; x_wconf 54' lang='lat' dir='ltr'>tuno&#39;tibi</span> <span class='ocrx_word' id='word_1_124' title='bbox 565 1586 631 1653; x_wconf 88' lang='lat' dir='ltr'>regia</span> <span class='ocrx_word' id='word_1_125' title='bbox 643 1584 731 1652; x_wconf 79' lang='lat' dir='ltr'>conjux</span> <span class='ocrx_word' id='word_1_126' title='bbox 742 1584 755 1636; x_wconf 69' lang='lat' dir='ltr'>i</span> 
     </span>
     <span class='ocr_line' id='line_1_19' title="bbox 129 1657 717 1726; baseline 0.003 -20"><span class='ocrx_word' id='word_1_127' title='bbox 129 1657 229 1725; x_wconf 87' lang='lat' dir='ltr'>Quique</span> <span class='ocrx_word' id='word_1_128' title='bbox 238 1660 308 1709; x_wconf 86' lang='lat' dir='ltr'>maris</span> <span class='ocrx_word' id='word_1_129' title='bbox 318 1658 404 1726; x_wconf 86' lang='lat' dir='ltr'>gemini</span> <span class='ocrx_word' id='word_1_130' title='bbox 413 1658 506 1709; x_wconf 89' lang='lat' dir='ltr'>dilliuet</span> <span class='ocrx_word' id='word_1_131' title='bbox 516 1658 615 1709; x_wconf 84' lang='lat' dir='ltr'>Isthmos</span> <span class='ocrx_word' id='word_1_132' title='bbox 624 1677 696 1726; x_wconf 81' lang='lat' dir='ltr'>aquas</span> <span class='ocrx_word' id='word_1_133' title='bbox 706 1657 717 1708; x_wconf 70' lang='grc' dir='ltr'><strong><em>ἓ</em></strong></span> 
     </span>
    </p>

    <p class='ocr_par' dir='ltr' id='par_1_11' title="bbox 91 1729 858 1872">
     <span class='ocr_line' id='line_1_20' title="bbox 91 1729 858 1798; baseline 0.004 -18"><span class='ocrx_word' id='word_1_134' title='bbox 91 1729 136 1780; x_wconf 86' lang='lat' dir='ltr'>Illa</span> <span class='ocrx_word' id='word_1_135' title='bbox 145 1748 212 1798; x_wconf 88' lang='lat' dir='ltr'>ego,</span> <span class='ocrx_word' id='word_1_136' title='bbox 228 1750 280 1798; x_wconf 82' lang='lat' dir='ltr'>quae</span> <span class='ocrx_word' id='word_1_137' title='bbox 292 1732 335 1781; x_wconf 79' lang='lat' dir='ltr'>tibi</span> <span class='ocrx_word' id='word_1_138' title='bbox 348 1732 396 1781; x_wconf 84' lang='lat' dir='ltr'>lum</span> <span class='ocrx_word' id='word_1_139' title='bbox 406 1749 470 1781; x_wconf 92' lang='lat' dir='ltr'>nunc</span> <span class='ocrx_word' id='word_1_140' title='bbox 485 1733 589 1798; x_wconf 88' lang='lat' dir='ltr'>denique</span> <span class='ocrx_word' id='word_1_141' title='bbox 599 1734 698 1782; x_wconf 90' lang='lat' dir='ltr'>barbara</span> <span class='ocrx_word' id='word_1_142' title='bbox 711 1731 788 1791; x_wconf 66' lang='lat' dir='ltr'>falla,</span> <span class='ocrx_word' id='word_1_143' title='bbox 811 1746 858 1796; x_wconf 81' lang='lat'>105</span> 
     </span>
     <span class='ocr_line' id='line_1_21' title="bbox 129 1806 742 1872; baseline 0.003 -19"><span class='ocrx_word' id='word_1_144' title='bbox 129 1806 201 1853; x_wconf 88' lang='lat' dir='ltr'>Nunc</span> <span class='ocrx_word' id='word_1_145' title='bbox 211 1806 255 1854; x_wconf 86' lang='lat' dir='ltr'>tibi</span> <span class='ocrx_word' id='word_1_146' title='bbox 266 1806 313 1855; x_wconf 83' lang='lat' dir='ltr'>sum</span> <span class='ocrx_word' id='word_1_147' title='bbox 325 1816 433 1872; x_wconf 79' lang='lat' dir='ltr'>pauper,</span> <span class='ocrx_word' id='word_1_148' title='bbox 445 1822 507 1854; x_wconf 90' lang='lat' dir='ltr'>nunc</span> <span class='ocrx_word' id='word_1_149' title='bbox 517 1806 560 1855; x_wconf 85' lang='lat' dir='ltr'>tibi</span> <span class='ocrx_word' id='word_1_150' title='bbox 571 1806 620 1855; x_wconf 78' lang='lat' dir='ltr'>vila</span> <span class='ocrx_word' id='word_1_151' title='bbox 631 1820 742 1865; x_wconf 82' lang='lat' dir='ltr'>nocens,</span> 
     </span>
    </p>

    <p class='ocr_par' dir='ltr' id='par_1_12' title="bbox 91 1875 795 2019">
     <span class='ocr_line' id='line_1_22' title="bbox 91 1875 795 1945; baseline 0 -16"><span class='ocrx_word' id='word_1_152' title='bbox 91 1876 213 1929; x_wconf 70' lang='lat' dir='ltr'>flammea</span> <span class='ocrx_word' id='word_1_153' title='bbox 224 1878 322 1929; x_wconf 83' lang='lat' dir='ltr'>subduxi</span> <span class='ocrx_word' id='word_1_154' title='bbox 332 1880 452 1945; x_wconf 83' lang='lat' dir='ltr'>medicato</span> <span class='ocrx_word' id='word_1_155' title='bbox 461 1878 550 1928; x_wconf 85' lang='lat' dir='ltr'>lumina</span> <span class='ocrx_word' id='word_1_156' title='bbox 560 1879 643 1927; x_wconf 85' lang='lat' dir='ltr'>somno</span> <span class='ocrx_word' id='word_1_157' title='bbox 654 1896 661 1929; x_wconf 80' lang='lat' dir='ltr'>t</span> <span class='ocrx_word' id='word_1_158' title='bbox 792 1875 795 1880; x_wconf 59' lang='grc'>’</span> 
     </span>
     <span class='ocr_line' id='line_1_23' title="bbox 128 1950 660 2019; baseline 0.004 -20"><span class='ocrx_word' id='word_1_159' title='bbox 128 1950 159 1999; x_wconf 89' lang='lat' dir='ltr'>Et</span> <span class='ocrx_word' id='word_1_160' title='bbox 169 1951 213 2001; x_wconf 93' lang='lat' dir='ltr'>tibi</span> <span class='ocrx_word' id='word_1_161' title='bbox 224 1984 231 2010; x_wconf 98' lang='lat'>,</span> <span class='ocrx_word' id='word_1_162' title='bbox 243 1970 296 2019; x_wconf 81' lang='lat' dir='ltr'>quae</span> <span class='ocrx_word' id='word_1_163' title='bbox 306 1969 420 2019; x_wconf 88' lang='lat' dir='ltr'>raperes,</span> <span class='ocrx_word' id='word_1_164' title='bbox 433 1954 524 2001; x_wconf 83' lang='lat' dir='ltr'>vellera</span> <span class='ocrx_word' id='word_1_165' title='bbox 533 1964 585 2001; x_wconf 87' lang='lat' dir='ltr'>tuta</span> <span class='ocrx_word' id='word_1_166' title='bbox 596 1952 660 2001; x_wconf 84' lang='lat' dir='ltr'>dedi.</span> 
     </span>
    </p>

    <p class='ocr_par' dir='ltr' id='par_1_13' title="bbox 91 2022 862 2167">
     <span class='ocr_line' id='line_1_24' title="bbox 91 2022 763 2095; baseline 0.006 -22"><span class='ocrx_word' id='word_1_167' title='bbox 91 2022 205 2074; x_wconf 87' lang='lat' dir='ltr'>Proditus</span> <span class='ocrx_word' id='word_1_168' title='bbox 218 2024 251 2075; x_wconf 82' lang='lat' dir='ltr'>est</span> <span class='ocrx_word' id='word_1_169' title='bbox 265 2028 377 2095; x_wconf 85' lang='lat' dir='ltr'>genitor:</span> <span class='ocrx_word' id='word_1_170' title='bbox 388 2036 488 2092; x_wconf 87' lang='lat' dir='ltr'>regnum</span> <span class='ocrx_word' id='word_1_171' title='bbox 498 2026 646 2091; x_wconf 81' lang='lat' dir='ltr'>patriamque</span> <span class='ocrx_word' id='word_1_172' title='bbox 656 2023 744 2091; x_wconf 87' lang='lat' dir='ltr'>reliqui</span> <span class='ocrx_word' id='word_1_173' title='bbox 755 2041 763 2077; x_wconf 88' lang='lat'><strong>:</strong></span> 
     </span>
     <span class='ocr_line' id='line_1_25' title="bbox 128 2096 862 2167; baseline 0.004 -21"><span class='ocrx_word' id='word_1_174' title='bbox 128 2096 219 2149; x_wconf 86' lang='lat' dir='ltr'>Munus</span> <span class='ocrx_word' id='word_1_175' title='bbox 227 2098 253 2148; x_wconf 91' lang='lat' dir='ltr'>iu</span> <span class='ocrx_word' id='word_1_176' title='bbox 263 2101 349 2149; x_wconf 87' lang='lat' dir='ltr'>exsilio</span> <span class='ocrx_word' id='word_1_177' title='bbox 360 2100 469 2165; x_wconf 91' lang='lat' dir='ltr'>quolibet</span> <span class='ocrx_word' id='word_1_178' title='bbox 478 2098 587 2148; x_wconf 79' lang='lat' dir='ltr'>effetuli.</span> <span class='ocrx_word' id='word_1_179' title='bbox 671 2159 677 2167; x_wconf 36' lang='lat'><strong>·</strong></span> <span class='ocrx_word' id='word_1_180' title='bbox 778 2122 782 2128; x_wconf 92' lang='grc'><em>·</em></span> <span class='ocrx_word' id='word_1_181' title='bbox 813 2112 862 2149; x_wconf 87' lang='lat'>110</span> 
     </span>
    </p>

    <p class='ocr_par' dir='ltr' id='par_1_14' title="bbox 90 2166 681 2309">
     <span class='ocr_line' id='line_1_26' title="bbox 90 2166 681 2239; baseline 0.007 -20"><span class='ocrx_word' id='word_1_182' title='bbox 90 2166 224 2238; x_wconf 76' lang='lat' dir='ltr'>Virginitas</span> <span class='ocrx_word' id='word_1_183' title='bbox 234 2172 293 2222; x_wconf 71' lang='lat' dir='ltr'>fabia</span> <span class='ocrx_word' id='word_1_184' title='bbox 303 2172 336 2221; x_wconf 83' lang='lat' dir='ltr'>eli</span> <span class='ocrx_word' id='word_1_185' title='bbox 345 2172 467 2239; x_wconf 87' lang='lat' dir='ltr'>peregrini</span> <span class='ocrx_word' id='word_1_186' title='bbox 475 2172 555 2237; x_wconf 69' lang='lat' dir='ltr'>preda</span> <span class='ocrx_word' id='word_1_187' title='bbox 564 2170 664 2221; x_wconf 80' lang='lat' dir='ltr'>latronis</span> <span class='ocrx_word' id='word_1_188' title='bbox 673 2186 681 2223; x_wconf 71' lang='grc' dir='ltr'><em>τ</em></span> 
     </span>
     <span class='ocr_line' id='line_1_27' title="bbox 128 2244 663 2309; baseline 0 -16"><span class='ocrx_word' id='word_1_189' title='bbox 128 2244 247 2309; x_wconf 86' lang='lat' dir='ltr'>Optima,</span> <span class='ocrx_word' id='word_1_190' title='bbox 259 2262 312 2295; x_wconf 83' lang='lat' dir='ltr'>curn</span> <span class='ocrx_word' id='word_1_191' title='bbox 321 2262 376 2296; x_wconf 87' lang='lat' dir='ltr'>cara</span> <span class='ocrx_word' id='word_1_192' title='bbox 385 2256 460 2295; x_wconf 81' lang='lat' dir='ltr'>matre</span> <span class='ocrx_word' id='word_1_193' title='bbox 471 2278 478 2303; x_wconf 93' lang='lat'>,</span> <span class='ocrx_word' id='word_1_194' title='bbox 490 2244 573 2294; x_wconf 70' lang='lat' dir='ltr'>relide</span> <span class='ocrx_word' id='word_1_195' title='bbox 586 2246 663 2295; x_wconf 91' lang='lat' dir='ltr'>soror.</span> 
     </span>
    </p>

    <p class='ocr_par' dir='ltr' id='par_1_15' title="bbox 90 2316 726 2443">
     <span class='ocr_line' id='line_1_28' title="bbox 90 2316 726 2387; baseline 0.003 -20"><span class='ocrx_word' id='word_1_196' title='bbox 90 2316 125 2367; x_wconf 79' lang='lat' dir='ltr'>At</span> <span class='ocrx_word' id='word_1_197' title='bbox 135 2334 184 2367; x_wconf 90' lang='lat' dir='ltr'>uon</span> <span class='ocrx_word' id='word_1_198' title='bbox 193 2330 219 2367; x_wconf 86' lang='lat' dir='ltr'>te</span> <span class='ocrx_word' id='word_1_199' title='bbox 231 2319 325 2387; x_wconf 80' lang='lat' dir='ltr'>lugiens</span> <span class='ocrx_word' id='word_1_200' title='bbox 339 2320 391 2369; x_wconf 84' lang='lat' dir='ltr'>siue</span> <span class='ocrx_word' id='word_1_201' title='bbox 404 2332 442 2367; x_wconf 85' lang='lat' dir='ltr'>me</span> <span class='ocrx_word' id='word_1_202' title='bbox 454 2351 461 2377; x_wconf 95' lang='lat'>,</span> <span class='ocrx_word' id='word_1_203' title='bbox 472 2334 602 2386; x_wconf 82' lang='lat' dir='ltr'>germane,</span> <span class='ocrx_word' id='word_1_204' title='bbox 613 2316 710 2385; x_wconf 84' lang='lat' dir='ltr'>reliqui.</span> <span class='ocrx_word' id='word_1_205' title='bbox 722 2354 726 2359; x_wconf 83' lang='lat'>-</span> 
     </span>
     <span class='ocr_line' id='line_1_29' title="bbox 126 2390 582 2443; baseline 0.002 -4"><span class='ocrx_word' id='word_1_206' title='bbox 126 2390 221 2441; x_wconf 87' lang='lat' dir='ltr'>Deficit</span> <span class='ocrx_word' id='word_1_207' title='bbox 229 2393 276 2442; x_wconf 87' lang='lat' dir='ltr'>hoc</span> <span class='ocrx_word' id='word_1_208' title='bbox 285 2408 334 2443; x_wconf 88' lang='lat' dir='ltr'>uno</span> <span class='ocrx_word' id='word_1_209' title='bbox 343 2394 413 2442; x_wconf 85' lang='lat' dir='ltr'>litera</span> <span class='ocrx_word' id='word_1_210' title='bbox 423 2391 501 2441; x_wconf 86' lang='lat' dir='ltr'>nostra</span> <span class='ocrx_word' id='word_1_211' title='bbox 515 2393 582 2441; x_wconf 88' lang='lat' dir='ltr'>loco.</span> 
     </span>
    </p>

    <p class='ocr_par' dir='ltr' id='par_1_16' title="bbox 89 2462 894 2607">
     <span class='ocr_line' id='line_1_30' title="bbox 89 2462 894 2540; baseline 0 -27"><span class='ocrx_word' id='word_1_212' title='bbox 89 2462 167 2527; x_wconf 78' lang='lat' dir='ltr'>Quod</span> <span class='ocrx_word' id='word_1_213' title='bbox 176 2466 258 2515; x_wconf 84' lang='lat' dir='ltr'>facere</span> <span class='ocrx_word' id='word_1_214' title='bbox 267 2466 321 2516; x_wconf 82' lang='lat' dir='ltr'>aula</span> <span class='ocrx_word' id='word_1_215' title='bbox 329 2483 381 2516; x_wconf 84' lang='lat' dir='ltr'>mea</span> <span class='ocrx_word' id='word_1_216' title='bbox 389 2464 494 2524; x_wconf 83' lang='lat' dir='ltr'>est,nou</span> <span class='ocrx_word' id='word_1_217' title='bbox 502 2466 576 2515; x_wconf 81' lang='lat' dir='ltr'>audet</span> <span class='ocrx_word' id='word_1_218' title='bbox 585 2464 795 2525; x_wconf 83' lang='lat' dir='ltr'>scribere,dextra:</span> <span class='ocrx_word' id='word_1_219' title='bbox 811 2478 859 2526; x_wconf 89' lang='lat'>1¹5</span> <span class='ocrx_word' id='word_1_220' title='bbox 884 2520 894 2540; x_wconf 67' lang='lat'>,</span> 
     </span>
     <span class='ocr_line' id='line_1_31' title="bbox 127 2538 618 2607; baseline 0.004 -20"><span class='ocrx_word' id='word_1_221' title='bbox 127 2538 168 2587; x_wconf 87' lang='lat' dir='ltr'>Sic</span> <span class='ocrx_word' id='word_1_222' title='bbox 179 2555 241 2607; x_wconf 86' lang='lat' dir='ltr'>ego,</span> <span class='ocrx_word' id='word_1_223' title='bbox 254 2538 296 2589; x_wconf 89' lang='lat' dir='ltr'>sed</span> <span class='ocrx_word' id='word_1_224' title='bbox 305 2550 387 2590; x_wconf 91' lang='lat' dir='ltr'>tecum</span> <span class='ocrx_word' id='word_1_225' title='bbox 397 2573 405 2598; x_wconf 98' lang='lat'>,</span> <span class='ocrx_word' id='word_1_226' title='bbox 416 2538 565 2589; x_wconf 84' lang='lat' dir='ltr'>dilaceranda</span> <span class='ocrx_word' id='word_1_227' title='bbox 574 2539 618 2589; x_wconf 85' lang='lat' dir='ltr'>fui.</span> 
     </span>
    </p>

    <p class='ocr_par' dir='ltr' id='par_1_17' title="bbox 89 2608 776 2753">
     <span class='ocr_line' id='line_1_32' title="bbox 89 2608 776 2680; baseline -0.001 -19"><span class='ocrx_word' id='word_1_228' title='bbox 89 2610 144 2661; x_wconf 88' lang='lat' dir='ltr'>Nec</span> <span class='ocrx_word' id='word_1_229' title='bbox 155 2622 236 2677; x_wconf 75' lang='lat' dir='ltr'>tamen</span> <span class='ocrx_word' id='word_1_230' title='bbox 246 2610 365 2677; x_wconf 85' lang='lat' dir='ltr'>extimui(</span> <span class='ocrx_word' id='word_1_231' title='bbox 376 2612 432 2679; x_wconf 90' lang='lat' dir='ltr'>quid</span> <span class='ocrx_word' id='word_1_232' title='bbox 443 2612 506 2661; x_wconf 89' lang='lat' dir='ltr'>enim</span> <span class='ocrx_word' id='word_1_233' title='bbox 515 2612 565 2679; x_wconf 90' lang='lat' dir='ltr'>poll</span> <span class='ocrx_word' id='word_1_234' title='bbox 576 2611 733 2667; x_wconf 78' lang='lat' dir='ltr'>illatimerem</span> <span class='ocrx_word' id='word_1_235' title='bbox 743 2608 776 2680; x_wconf 67' lang='grc' dir='ltr'>ἓ)</span> 
     </span>
     <span class='ocr_line' id='line_1_33' title="bbox 127 2683 715 2753; baseline 0 -20"><span class='ocrx_word' id='word_1_236' title='bbox 127 2683 236 2735; x_wconf 88' lang='lat' dir='ltr'>Credere</span> <span class='ocrx_word' id='word_1_237' title='bbox 244 2702 281 2735; x_wconf 92' lang='lat' dir='ltr'>me</span> <span class='ocrx_word' id='word_1_238' title='bbox 292 2686 381 2753; x_wconf 84' lang='lat' dir='ltr'>pelago</span> <span class='ocrx_word' id='word_1_239' title='bbox 391 2685 478 2735; x_wconf 85' lang='lat' dir='ltr'>femina</span> <span class='ocrx_word' id='word_1_240' title='bbox 490 2720 497 2744; x_wconf 92' lang='lat'>‚</span> <span class='ocrx_word' id='word_1_241' title='bbox 507 2698 603 2753; x_wconf 86' lang='lat' dir='ltr'>tamque</span> <span class='ocrx_word' id='word_1_242' title='bbox 613 2702 715 2735; x_wconf 85' lang='lat' dir='ltr'>nocens.</span> 
     </span>
    </p>

    <p class='ocr_par' dir='ltr' id='par_1_18' title="bbox 87 2756 910 2899">
     <span class='ocr_line' id='line_1_34' title="bbox 87 2756 770 2815; baseline 0.003 -8"><span class='ocrx_word' id='word_1_243' title='bbox 87 2756 186 2807; x_wconf 90' lang='lat' dir='ltr'>Numen</span> <span class='ocrx_word' id='word_1_244' title='bbox 195 2758 235 2807; x_wconf 86' lang='lat' dir='ltr'>ubi</span> <span class='ocrx_word' id='word_1_245' title='bbox 245 2756 298 2808; x_wconf 83' lang='lat' dir='ltr'>est?</span> <span class='ocrx_word' id='word_1_246' title='bbox 309 2759 349 2808; x_wconf 91' lang='lat' dir='ltr'>ubi</span> <span class='ocrx_word' id='word_1_247' title='bbox 362 2756 414 2807; x_wconf 84' lang='lat' dir='ltr'>Di?</span> <span class='ocrx_word' id='word_1_248' title='bbox 425 2758 521 2808; x_wconf 83' lang='lat' dir='ltr'>meritas</span> <span class='ocrx_word' id='word_1_249' title='bbox 530 2760 655 2810; x_wconf 78' lang='lat' dir='ltr'>subeamus</span> <span class='ocrx_word' id='word_1_250' title='bbox 665 2758 689 2807; x_wconf 93' lang='lat' dir='ltr'>in</span> <span class='ocrx_word' id='word_1_251' title='bbox 704 2759 755 2809; x_wconf 84' lang='lat' dir='ltr'>alto</span> <span class='ocrx_word' id='word_1_252' title='bbox 761 2788 770 2815; x_wconf 84' lang='lat'>‚</span> 
     </span>
     <span class='ocr_line' id='line_1_35' title="bbox 124 2828 910 2899; baseline 0.001 -21"><span class='ocrx_word' id='word_1_253' title='bbox 124 2830 165 2879; x_wconf 91' lang='lat' dir='ltr'>Tu</span> <span class='ocrx_word' id='word_1_254' title='bbox 175 2830 266 2881; x_wconf 83' lang='lat' dir='ltr'>fraudis</span> <span class='ocrx_word' id='word_1_255' title='bbox 276 2848 377 2897; x_wconf 82' lang='lat' dir='ltr'>poenas,</span> <span class='ocrx_word' id='word_1_256' title='bbox 391 2828 538 2881; x_wconf 81' lang='lat' dir='ltr'>credulitatis</span> <span class='ocrx_word' id='word_1_257' title='bbox 549 2848 605 2899; x_wconf 87' lang='lat' dir='ltr'>ego.</span> <span class='ocrx_word' id='word_1_258' title='bbox 809 2844 860 2880; x_wconf 86' lang='lat'>120</span> <span class='ocrx_word' id='word_1_259' title='bbox 905 2878 910 2893; x_wconf 68' lang='grc'><strong><em>,</em></strong></span> 
     </span>
    </p>

    <p class='ocr_par' dir='ltr' id='par_1_19' title="bbox 87 2902 669 3047">
     <span class='ocr_line' id='line_1_36' title="bbox 87 2902 669 2971; baseline 0 -18"><span class='ocrx_word' id='word_1_260' title='bbox 87 2902 239 2969; x_wconf 82' lang='lat' dir='ltr'>Complexus</span> <span class='ocrx_word' id='word_1_261' title='bbox 251 2904 340 2953; x_wconf 86' lang='lat' dir='ltr'>utinam</span> <span class='ocrx_word' id='word_1_262' title='bbox 352 2904 526 2971; x_wconf 84' lang='lat' dir='ltr'>Symplegades</span> <span class='ocrx_word' id='word_1_263' title='bbox 538 2904 669 2962; x_wconf 83' lang='lat' dir='ltr'>elisilient,</span> 
     </span>
     <span class='ocr_line' id='line_1_37' title="bbox 122 2975 652 3047; baseline -0.009 -17"><span class='ocrx_word' id='word_1_264' title='bbox 122 2978 148 3030; x_wconf 83' lang='lat' dir='ltr'>N</span> <span class='ocrx_word' id='word_1_265' title='bbox 150 2975 261 3047; x_wconf 71' lang='lat' dir='ltr'>ostiaque</span> <span class='ocrx_word' id='word_1_266' title='bbox 269 2978 420 3033; x_wconf 68' lang='lat' dir='ltr'>adhererent</span> <span class='ocrx_word' id='word_1_267' title='bbox 429 2976 523 3034; x_wconf 76' lang='lat' dir='ltr'>ossibus</span> <span class='ocrx_word' id='word_1_268' title='bbox 532 2976 578 3028; x_wconf 79' lang='lat' dir='ltr'>olla</span> <span class='ocrx_word' id='word_1_269' title='bbox 586 2978 634 3029; x_wconf 76' lang='lat' dir='ltr'>tuis</span> <span class='ocrx_word' id='word_1_270' title='bbox 645 2976 652 3025; x_wconf 92' lang='lat'>!</span> 
     </span>
    </p>
   </div>
   <div class='ocr_carea' id='block_1_3' title="bbox 667 3043 723 3119">
    <p class='ocr_par' dir='ltr' id='par_1_20' title="bbox 667 3043 723 3119">
     <span class='ocr_line' id='line_1_38' title="bbox 667 3043 723 3119; baseline -0.054 -20"><span class='ocrx_word' id='word_1_271' title='bbox 667 3043 723 3119; x_wconf 77' lang='lat' dir='ltr'>cuj</span> 
     </span>
    </p>
   </div>
   <div class='ocr_carea' id='block_1_4' title="bbox 0 0 1022 3709">
    <p class='ocr_par' dir='ltr' id='par_1_21' title="bbox 0 0 1022 3709">
     <span class='ocr_line' id='line_1_39' title="bbox 0 0 1022 3709; baseline 0 1"><span class='ocrx_word' id='word_1_272' title='bbox 0 0 1022 3709; x_wconf 95' lang='lat' dir='ltr'> </span> 
     </span>
    </p>
   </div>
  </div>
 </body>
</html>
