2034 3709
204 261 277 333 106
325 263 367 327 P.
396 258 582 326 OVIDII
609 255 833 330 Nisorns

201 383 315 446 Dumque
330 379 372 428 suo
386 386 465 426 tentat
479 375 603 424 salientem
616 375 708 442 pollice
723 359 829 432 ven‘am,

141 471 193 518 140
241 453 350 504 Candida
364 465 409 516 per
423 449 517 499 causam
530 449 629 497 brachia
644 448 707 516 saepe
722 458 812 498 tenet:

203 526 394 592 Contrectatque
410 524 495 580 sinus,
513 521 539 572 bt
555 522 657 572 forsitan
675 521 757 572 oscula
770 519 862 589 jungit.

239 598 332 652 Officio
345 612 439 647 merces
452 595 549 662 plenior
562 594 604 646 ista
620 594 661 645 suo
677 593 720 646 est.

203 674 266 741 Quis
279 673 323 724 tibi
336 670 446 736 permisit
460 667 551 719 nostras
567 684 719 735 praecerpere
733 663 842 718 messes?

240 746 280 797 Ad
293 746 375 814 sepem
388 743 487 793 alterius
502 742 556 809 quis
571 741 615 791 tibi
629 741 687 792 iecit
699 742 746 792 iter
757 739 769 790 i

144 834 176 882 14
179 835 193 882 5
203 819 250 872 lue
266 821 331 870 sinus
345 833 413 867 meus
427 815 461 866 est
475 829 482 866 t
498 831 553 865 mea
567 816 669 882 turpiter
683 815 766 865 oscula
779 811 861 864 sirmis.

240 894 263 944 Α
279 893 336 942 mihi
352 888 464 958 promisso
479 905 585 956 corpore
599 889 660 939 tolle
676 905 769 939 marrus.
823 911 825 918 ¹

204 967 331 1032 Improbe,
340 965 401 1014 tolle
408 973 491 1012 manus
500 978 508 1012 t
517 979 587 1030 quam
594 962 673 1030 tangis
681 997 688 1022 ,
696 962 774 1012 nostra
781 961 863 1012 sutura
873 957 919 1009 est:

240 1036 369 1090 Postmodd
384 1038 404 1087 si
417 1037 492 1086 satias
506 1035 587 1095 istud,
602 1036 698 1085 adulter
711 1036 769 1086 eris.

203 1113 273 1181 Elige
287 1113 318 1162 dc
336 1111 438 1168 vetitis,
455 1125 526 1176 quam
540 1109 649 1159 nonsibi
665 1109 771 1159 vindicet
788 1109 870 1158 aiter:

143 1200 194 1250 150
240 1185 266 1236 Si
279 1185 377 1244 uestis,
394 1183 516 1234 dominum
532 1195 570 1234 res
584 1183 658 1232 habet
672 1181 712 1232 ista
728 1181 807 1232 suum.

203 1259 259 1310 Nec
275 1259 333 1309 mihi
349 1257 504 1308 credideris:
520 1256 638 1306 recitetur
653 1255 757 1305 sormula
771 1253 845 1322 passi.

241 1333 297 1382 Neu
312 1331 393 1381 salsam
409 1330 476 1380 dicas
493 1329 541 1379 eise
553 1363 562 1388 ‚
576 1329 614 1379 sac
630 1328 677 1395 ipsa
691 1329 767 1396 legat.

204 1404 312 1456 Alterius
326 1405 450 1462 thalamo,
465 1405 510 1453 tibi
524 1419 588 1461 nos,
604 1402 648 1453 tibi
663 1401 763 1454 dicimus
775 1436 782 1460 ‚
803 1399 857 1453 exi.

241 1477 308 1540 Quid
322 1478 380 1528 sacis
393 1476 458 1526 hic?
476 1477 516 1526 eri
532 1491 540 1526 t
557 1491 607 1526 non
621 1486 692 1525 vacat
707 1475 748 1526 isse
764 1487 845 1524 torus.

144 1569 155 1602 1
161 1567 174 1616 5
180 1569 193 1616 5
204 1553 267 1601 Nam
277 1551 343 1616 quod
353 1552 430 1600 babes
441 1550 467 1600 δι
476 1560 505 1598 tu
515 1549 612 1599 humani
620 1549 694 1599 verba
705 1549 782 1599 altera
792 1545 856 1614 padi
867 1579 876 1606 ,

240 1625 298 1692 Nou
312 1625 358 1674 erit
373 1623 466 1674 idcirco
480 1638 524 1689 par
539 1635 580 1672 tua
596 1622 666 1672 causa
680 1631 751 1672 meae.

203 1698 265 1748 Haec
274 1697 332 1765 mihi
342 1697 366 1746 se
375 1697 486 1764 pepigit,
497 1707 568 1762 pater
578 1696 639 1745 hanc
649 1695 707 1746 tibi:
719 1693 809 1759 primus
821 1695 851 1742 ab
863 1692 922 1749 iilis
1006 1717 1007 1778 p

240 1769 288 1838 §ed
303 1771 402 1837 propior
417 1767 504 1828 certis,
523 1771 593 1833 quim
607 1780 676 1834 patet
688 1802 696 1825 ,
710 1768 758 1834 ipsa
775 1766 822 1816 sibi
839 1765 883 1817 eti.

204 1843 317 1895 Promisit
331 1856 400 1908 patet
415 1843 496 1900 hauc,
512 1841 567 1891 baec
581 1841 701 1906 adjuravit
716 1840 825 1892 amanti:

146 1921 195 1971 160
241 1917 285 1967 Ille
298 1918 429 1974 homiues,
444 1916 498 1965 haec
513 1913 547 1964 ess
561 1913 684 1965 testificata
698 1913 790 1964 Deam.

202 1989 251 2041 Hic
266 1990 352 2040 metuit
367 1989 490 2048 mendax,
506 1989 578 2038 timet
591 1988 646 2038 haec
661 1986 760 2056 perjura
777 1985 875 2036 vocari.

239 2063 305 2113 Num
320 2063 431 2122 dubites,
448 2063 489 2112 bic
502 2062 534 2111 sit
550 2059 646 2125 major,
662 2079 693 2111 art
709 2061 750 2110 ilie
765 2074 848 2111 metus
862 2057 873 2110 ἒ

203 2135 336 2202 Demque,
353 2139 381 2188 dt
392 2138 518 2186 amborum
531 2135 644 2186 conferre
657 2134 764 2204 pericuia
780 2134 885 2200 possis,

239 2209 342 2276 Respice
358 2209 388 2259 ad
401 2214 509 2277 'eventus
525 2225 532 2260 ε
549 2209 602 2258 haec
619 2209 709 2266 cubat,
727 2207 770 2257 ilie
786 2209 865 2258 vaiet.

145 2284 192 2348 165
204 2285 257 2333 Nos
272 2299 370 2349 quoque
385 2283 491 2333 dissimisr
508 2281 638 2333 certamina
651 2295 733 2332 mente
750 2279 878 2331 subimus:

240 2356 295 2404 Nec
309 2355 362 2423 spes
377 2361 420 2421 pai
434 2357 523 2413 nobis,
541 2373 587 2406 nec
601 2357 675 2404 timor
689 2371 771 2420 aequus
787 2354 865 2404 adest.

202 2429 244 2479 Tu
258 2428 320 2494 petis
336 2445 367 2478 ex
383 2431 456 2489 tuto,
475 2429 572 2498 gravior
588 2429 644 2479 mihi
661 2439 740 2479 morte
755 2427 852 2492 repulsa
867 2425 923 2479 est:
970 2437 974 2444 '

240 2501 316 2567 idque
331 2519 379 2568 ego
392 2501 457 2569 jam,
472 2503 538 2569 quod
553 2513 580 2552 tu
594 2501 673 2552 forsan
688 2501 798 2562 amabis,
815 2518 884 2552 am0.

204 2574 230 2627 si
243 2570 290 2625 tibi
306 2573 419 2641 jusiitiae,
437 2577 458 2626 si
473 2575 532 2626 teeti
547 2593 605 2625 cura
620 2573 719 2634 suisset3
927 2583 930 2592 “

146 2665 196 2716 170
242 2648 339 2698 Cedere
356 2649 474 2699 debueras
488 2649 584 2717 ignibus
600 2648 648 2716 ipse
665 2648 734 2700 meis.

191 2724 276 2789 ‘Nunc
291 2723 402 2787 quoniam
415 2723 480 2771 serus
494 2722 534 2770 hic
551 2739 595 2788 pro
611 2723 678 2772 causa
690 2733 782 2790 pugnat
796 2719 903 2794 iniquij

241 2795 367 2862 Ad‘quid,
384 2795 514 2863 Cydippe„
530 2795 600 2844 litera
615 2795 692 2846 nostra
707 2791 795 2844 redit?

205 2868 254 2919 Hic
270 2869 328 2919 facit
345 2879 371 2917 ut
386 2866 486 2934 jaceas,
507 2867 531 2918 δι
547 2868 577 2918 sis
595 2867 699 2936 suspedi'a
714 2867 826 2923 Dian'ae:
867 2921 871 2927 ,

240 2941 314 3026 liunt
330 2953 377 3002 tu,
393 2943 414 2994 si
430 2941 524 3010 sapias,
536 2942 612 2994 simeo
626 2942 692 2995 odire
707 2955 788 2996 vetes.
836 2954 843 2962 ·
