2034 3709
131 296 194 349 na
221 277 346 349 Arar.
364 280 559 348 Aurum
584 280 623 350 L.
649 282 681 352 1.
709 304 785 377 209

23 431 31 437 -
72 398 178 467 Quique
189 399 229 449 die
241 398 344 449 redeunt
356 432 363 457 ,
381 399 453 448 rebus
463 398 540 451 minias
551 413 607 466 apta
617 403 749 470 gerendis,
793 419 845 468 415

108 474 184 524 Culta
201 471 325 522 Palaestino
342 471 440 538 septima
456 472 515 523 festa
532 475 606 542 Syro.

71 547 165 615 Magna
179 544 313 612 superstitio
328 545 372 595 tibi
386 546 419 594 sit
433 548 519 597 natalis
536 549 638 600 amices

107 619 216 685 Quique
233 618 322 685 aliquid
337 619 440 668 dandum
455 620 507 679 eil,
525 621 565 671 illa
581 623 613 672 sit
627 634 679 673 atra
694 624 755 676 elice.

74 691 134 743 Ciam
150 694 215 743 bene
231 692 331 751 vitaris,
352 704 434 743 tamen
450 694 544 743 auferet
561 694 676 746 :invenit
689 712 766 748 artem

107 766 228 824 Femina,
246 764 293 831 qud
306 765 385 832 cupidi
402 778 485 833 carpat
500 767 599 818 amantis
614 786 684 836 opes.
793 785 848 832 420

73 839 170 890 lniiitor
184 839 215 887 ad
231 837 350 888 dominam
366 838 450 889 veniet
465 839 590 892 discindor
606 858 732 894 emacemt

53 956 55 964 .
109 912 233 977 Expediet
248 928 342 961 merces
359 926 432 979 teque
450 912 550 965 sedente
566 914 628 967 suas.

75 984 142 1049 Quas
159 986 217 1044 illa,
234 984 361 1050 inspicias,
379 986 461 1052 sapere
477 998 505 1037 ut
517 987 635 1046 videare,
652 988 766 1057 rogabit:

110 1058 204 1109 Oscula
219 1058 307 1107 deinde
324 1058 390 1109 dabit
405 1076 411 1109 :
427 1059 515 1110 deinde
529 1062 645 1128 rogabit,
664 1080 739 1115 ernas.

74 1132 129 1181 lloc
146 1133 201 1182 sore
216 1142 355 1182 contentam
372 1134 461 1182 multos
476 1131 565 1197 jurabit
581 1134 604 1183 in
619 1150 706 1186 annos.
793 1150 845 1199 425

110 1207 182 1255 Nunc
199 1222 260 1271 opus
277 1204 323 1255 elie
341 1205 404 1264 sibi,
423 1222 486 1255 nunc
502 1207 567 1256 bene
583 1208 648 1259 dicet
664 1207 721 1258 emi.

76 1277 99 1328 si
115 1294 164 1328 non
180 1277 228 1328 effe
245 1278 329 1336 domi,
351 1294 412 1345 quos
429 1280 493 1337 cles,
510 1279 642 1331 causabere
654 1297 786 1338 nummos3

110 1351 192 1401 Litera
207 1351 341 1417 poscetur3
360 1368 391 1401 ne
407 1351 510 1402 didicisse
525 1352 603 1419 juvet.

77 1423 141 1488 Quid
154 1423 165 1472 ἓ
183 1425 250 1491 quasi
265 1424 338 1473 natali
354 1423 407 1474 calm
424 1425 501 1491 poscit
515 1442 613 1477 mernere
627 1428 697 1487 lio03

111 1498 162 1555 Et,
180 1497 276 1564 quoties
291 1514 353 1563 opus
369 1497 420 1555 eli,
439 1498 543 1549 nascitur
558 1500 607 1566 ipla
624 1501 693 1550 sibi?
794 1513 848 1565 430

77 1568 166 1634 Quid?
185 1568 239 1619 clun
252 1571 362 1619 mendaci
378 1573 465 1620 damno
482 1571 623 1622 maestissima
638 1576 739 1639 plorat3

112 1642 259 1709 Elapsusque
277 1642 336 1692 cavt
352 1641 449 1710 lingitur
465 1661 524 1694 aure
540 1643 623 1711 lapis?

77 1716 155 1767 Multa
171 1726 258 1783 rogant
272 1715 363 1765 utenda
378 1717 428 1767 dari
447 1732 454 1765 τ
473 1716 527 1767 data
543 1719 646 1768 reddere
663 1719 760 1769 nolunt.

112 1788 216 1847 Perdis3
237 1789 263 1839 &
281 1788 305 1838 in
322 1789 408 1839 damno
424 1790 498 1857 gratia
514 1792 579 1841 nulla
595 1804 649 1842 tuo.

10 1888 11 1895 ι
76 1861 133 1911 Non
144 1862 215 1917 mihi,
228 1860 353 1929 sacrilegas
364 1864 517 1912 meretriciam
528 1878 555 1913 ut
565 1866 695 1931 prosequar
705 1875 785 1922 artes,
794 1875 846 1928 435

114 1936 174 1985 Cum
190 1935 292 1985 totidem
307 1935 392 2003 linguis
405 1969 412 1993 ,
428 1936 475 1985 sint
490 1936 544 1985 satis
560 1954 603 1985 ora
621 1939 717 1986 decem.

78 2008 142 2059 Cera
156 2009 246 2058 vadum
260 2020 359 2065 tentet,
379 2008 438 2059 rasis
454 2008 530 2061 infusa
544 2010 659 2059 tabelliae

113 2082 177 2131 Cera
194 2095 243 2131 tuae
258 2079 358 2148 primum
374 2082 461 2135 ntincia
476 2084 563 2133 mentis
579 2096 630 2133 cat.
683 2129 685 2135 ,

77 2156 206 2206 Blanditias
224 2155 285 2205 ferat
301 2156 342 2204 illa
356 2167 427 2213 tuas,
449 2156 587 2221 imitataque
604 2165 724 2205 amantem

112 2229 197 2281 Verba
209 2244 216 2279 ε
235 2244 281 2277 nec
293 2228 391 2293 exiguas
403 2262 411 2286 ,
430 2228 535 2296 quisquis
546 2244 591 2287 es,
608 2230 776 2294 adderprcces.
796 2242 851 2291 440

78 2302 184 2354 Heslora
198 2302 298 2352 donavit
312 2300 426 2359 Priamo,
446 2318 521 2367 prece
536 2314 636 2363 motus,
653 2302 781 2353 Achilles:

113 2376 131 2424 F
133 2375 229 2425 letlitur
245 2374 319 2424 iratus
333 2390 398 2424 voce
412 2388 514 2442 rogante
530 2376 609 2425 Deus.

77 2447 206 2498 Promittas
224 2447 298 2497 facito
313 2464 320 2497 t
337 2446 394 2514 quid
408 2448 470 2497 enim
485 2450 628 2513 promittere
643 2444 736 2499 laedit?

114 2521 231 2571 Pollicitis
248 2521 314 2570 dives
331 2521 432 2585 quilibet
446 2521 492 2569 elle
507 2521 596 2587 potest.

79 2595 136 2661 Spes
147 2607 217 2645 tenet
227 2596 252 2643 in
262 2606 371 2659 tempus,
383 2593 456 2642 semel
467 2594 499 2643 est
509 2596 532 2643 si
541 2592 647 2651 credita,
659 2595 775 2662 longatm:
795 2608 850 2657 445

113 2670 156 2718 llla
174 2668 271 2733 quidem
287 2666 377 2725 fallax,
396 2665 436 2715 secl
452 2678 533 2716 tamen
547 2680 603 2733 apra
621 2668 677 2717 Dea
692 2669 736 2721 est.

79 2742 104 2791 Si
120 2740 216 2791 dederis
235 2739 341 2805 aliquid,
358 2739 449 2805 poteris
465 2741 560 2789 ratione
575 2740 698 2807 relinqui:

114 2813 266 2863 preteritum
282 2812 384 2870 tulerit,
401 2812 581 2879 perdideritque
597 2814 665 2863 nihil.

79 2886 111 2941 At
126 2888 191 2953 quod
207 2902 258 2935 non
273 2885 386 2945 dederis,
405 2886 497 2952 semper
511 2887 609 2936 videare
623 2886 742 2938 dannot

112 2960 150 3013 stc
168 2959 293 3011 dominum
309 2958 393 3010 sterilia
409 2958 471 3026 sape
487 2959 577 3012 fesellit
592 2974 662 3027 ager.
796 2971 851 3019 450
