2034 3709
148 283 208 335 na
234 264 351 333 Auru
375 264 569 333 Anium
596 264 635 332 L.
661 266 690 334 1.
718 284 789 338 211

79 384 200 443 Interea,
219 384 271 435 sive
289 384 329 433 illa
344 396 402 433 toro
419 382 529 448 resupina
544 384 658 446 seretur,

118 458 240 510 Lecticam
255 457 357 508 domine
374 456 550 506 dissimulanter
564 456 625 515 adia

69 533 155 584 ,Neue
168 530 255 597 aliquis
271 531 352 581 verbis
368 529 462 581 odiosas
476 528 563 579 afferat
578 546 670 588 aures,

110 604 202 669 ,Quam
216 617 307 670 potes,
324 604 440 670 ambiguis
456 602 556 653 callidus
573 604 634 654 abde
651 602 726 657 notis.
805 615 858 667 490

81 678 133 729 Seu
149 678 253 743 pedibus
268 677 352 727 vacuis
366 677 401 727 illi
416 677 517 741 spatiosa
532 688 627 727 teretur

119 749 251 810 Porticus,
268 748 309 801 hic
325 750 401 802 socias
417 762 444 799 tu
461 766 558 816 quoque
575 748 651 819 junge
665 766 755 800 motas.

81 823 116 874 Et
131 822 204 875 morici
221 823 364 890 pracedat,
381 823 478 881 facito;
497 821 571 874 modo
586 835 655 891 terga
672 822 796 892 sequarirc

119 897 152 946 Et
166 895 241 948 ruodo
257 896 371 956 restium
389 897 415 947 &
431 893 504 947 modi>
521 898 602 947 lentus
619 914 670 949 eas.

81 970 139 1021 Nec
154 970 198 1021 tibi
215 971 246 1022 de
261 970 346 1021 mediis
359 970 451 1036 aliquot
467 970 569 1019 transite
586 971 709 1021 columnas
805 979 857 1030 495

120 1042 158 1093 Sit
174 1044 272 1109 pudor,
290 1057 332 1093 aut
348 1044 419 1094 lateri
434 1041 580 1093 continuafl'e
596 1044 669 1095 latur.

82 1116 140 1167 Ncc
155 1116 209 1167 sine
224 1130 250 1167 te
264 1134 339 1167 curvo
355 1116 438 1167 sedeat
452 1116 552 1180 spatiosa
569 1117 691 1167 theattot
778 1137 781 1145 ⁴

121 1189 201 1254 Quod
216 1190 326 1256 spcsles,
343 1189 451 1239 humeris
461 1187 549 1238 asseret
566 1188 605 1237 illa
621 1188 679 1241 suis·

82 1263 153 1327 illam
168 1264 302 1329 respicias,
320 1264 386 1313 illam
400 1264 506 1319 munt,
523 1260 626 1317 licebit;

122 1336 203 1387 Multa
219 1335 367 1403 supercilio,
384 1337 459 1387 multa
475 1337 577 1401 loquare
593 1334 668 1385 notis.
808 1343 860 1395 500

83 1408 117 1459 Et
133 1410 252 1476 plaudas,
268 1411 373 1477 aliquam
387 1410 461 1459 mimo
476 1408 577 1458 saltante
593 1406 718 1473 puellam

121 1482 153 1531 Et
170 1484 253 1535 faveas
267 1482 320 1541 illi,
338 1483 444 1549 quisquis
460 1494 545 1549 agatur
560 1496 651 1531 amans.

86 1554 151 1605 Ciun
168 1555 268 1623 surget,
283 1556 364 1623 surges
378 1572 386 1606 ι
400 1556 478 1605 donec
494 1554 563 1603 sedet
577 1555 636 1612 illa,
655 1551 760 1603 sedebis.

121 1629 231 1680 Arbitrio
247 1628 350 1680 dominae
366 1640 476 1694 tempora
491 1628 567 1693 perde
583 1639 643 1685 ture.

84 1702 134 1752 Sed
151 1702 195 1759 tihi
212 1718 259 1753 nec
275 1702 343 1753 serto
357 1703 454 1767 placeat
468 1711 584 1767 torquete
601 1698 721 1765 capillos:
807 1708 857 1759 505

122 1775 178 1824 Nec
194 1787 236 1829 tua
250 1776 360 1825 mordaci
375 1775 470 1842 pumice
486 1790 555 1825 cruta
573 1784 647 1824 teras.

84 1847 131 1897 illa
147 1846 206 1913 jube
222 1848 330 1907 faciant,
352 1864 455 1915 quorum
471 1845 593 1914 Cybeleia
608 1857 686 1897 motet

124 1920 269 1974 Concinitur
285 1920 394 1989 Phrygiis
411 1921 535 1971 exululata
551 1919 638 1971 modis.
741 1940 744 1949 ·

82 1996 174 2055 fulina
190 1994 256 2055 vilvs
272 1994 381 2067 aeglesie
397 1995 481 2047 decet.
498 1990 613 2044 Minoida
630 1986 740 2045 Theseu

124 2073 250 2131 Abstulit,
267 2090 280 2121 a
297 2073 363 2122 nulla
377 2084 487 2136 tempora
505 2079 600 2117 contus
615 2082 671 2117 acu.
742 2106 747 2111 .
812 2077 863 2126 510

86 2149 252 2215 Hippolytum
261 2144 378 2203 Plaaedra,
393 2153 502 2193 necerat
513 2144 575 2191 bene
587 2142 666 2191 cultus
677 2172 685 2197 ,
700 2134 788 2189 amavit
799 2152 810 2196 3

126 2222 193 2271 (Iura
207 2221 291 2276 Dea,
306 2218 373 2269 silvis
389 2229 477 2283 aptus,
495 2214 589 2266 Adonis
607 2226 668 2263 erat.

87 2294 218 2346 Munditie
232 2295 345 2359 placeant
361 2305 369 2340 t
385 2291 508 2341 fuscentur
525 2303 628 2354 corpora
646 2285 762 2351 Campo:

126 2368 164 2417 Sit
178 2369 241 2417 bene
258 2363 427 2424 conveniens,
447 2363 474 2414 δι
488 2361 541 2412 sine
557 2362 630 2421 labe,
646 2372 716 2427 toga.

88 2442 231 2508 Linguaque
245 2456 277 2491 ne
290 2437 369 2506 rigeat
384 2454 392 2489 t
408 2448 506 2487 careant
519 2434 628 2503 rubigine
645 2434 752 2485 dentes:
811 2433 840 2493 5'1
848 2444 860 2491 5

126 2516 184 2565 Nec,
197 2512 311 2581 vagutiu
328 2513 382 2561 laxa
397 2526 441 2576 pes
456 2509 500 2564 tibi
515 2510 579 2573 pelle
595 2519 674 2558 natet.

88 2589 145 2643 Nec
161 2587 225 2637 male
239 2586 362 2636 desormet
376 2583 467 2651 rigidos
482 2582 581 2632 tonsura
597 2580 718 2648 capillost

127 2662 165 2711 Sit
181 2676 250 2711 corna
260 2692 270 2717 ,
281 2659 322 2709 ait
338 2658 410 2709 dosii
426 2657 500 2705 barba
514 2654 603 2705 telesia
618 2656 703 2705 uranu.¹

89 2734 198 2785 Et·nihil
213 2732 354 2789 cmirreant.
372 2732 400 2783 &
412 2730 460 2781 siut
475 2730 527 2779 sine
543 2728 650 2779 sordibus
664 2738 776 2795 ungues:
792 2738 794 2747 ·
814 2733 816 2741 ’

127 2808 205 2873 loque
222 2806 282 2856 cavi
296 2806 376 2856 nullut
392 2803 438 2855 stet
453 2803 496 2853 tibi
511 2819 571 2853 nare
585 2802 657 2867 pilus.
747 2812 750 2817 ·
812 2810 864 2859 520

89 2882 144 2931 Nec
161 2881 225 2932 male
242 2878 338 2929 odorati
355 2878 388 2928 sit
403 2876 473 2927 tristis
487 2876 607 2927 anhelitus
623 2873 692 2924 orist

127 2956 185 3010 Nec
199 2952 291 3004 loedant
304 2968 375 3003 nares
389 2951 475 3017 virque
489 2963 613 3016 paterque.
622 2946 713 3015 gregit·
756 2978 760 2985 ·
