2034 3709
213 258 493 329 Hrnornrs.
520 260 596 329 Er.
624 264 664 329 V.
739 281 788 355 23

70 380 116 431 Me
129 375 180 427 fide
196 379 339 443 conspicuus
354 377 440 448 Troiae
454 381 561 429 munitor
575 380 679 430 amavit:

107 454 154 505 lile
169 469 232 501 rneae
247 452 349 515 spolium
363 451 505 517 virginitatis
520 453 603 503 habet.
804 458 855 508 140

71 526 100 575 ld
115 542 215 591 quoque
227 524 339 573 lutiando
351 540 359 573 t
370 525 423 589 rupi
434 537 516 574 tamen
528 543 608 593 ungue
619 525 738 591 capillos,

47 616 50 621 ·
108 598 214 663 Oraque
229 596 283 646 sunt
297 598 377 664 digitis
391 597 474 661 aspera
488 598 549 647 fasta
565 600 634 649 meis.

71 671 128 721 Nec
138 671 245 736 pretium
256 669 327 735 stupri
337 686 442 736 gemmas
452 686 567 720 aurumve
579 670 697 737 poposci:

109 744 230 809 Turpiter
245 744 376 809 ingenuum
392 758 491 793 munera
507 760 596 810 corpus
613 756 706 793 emunt.

73 808 126 883 lpse
137 850 144 875 ,
158 829 227 865 ratus
237 816 348 883 dignam,
360 816 466 867 medicas
475 819 534 867 mihi
543 817 643 873 tradidit
654 829 738 875 artes;
804 830 836 879 14
840 830 853 880 5

89 888 92 893 ’
110 888 266 954 Admisitque
281 906 346 939 meas
354 889 391 937 ad
406 889 447 938 sua
463 889 528 939 dona
542 907 636 940 manus.

74 960 244 1027 Quaecumque
250 962 324 1011 herba
330 973 416 1027 potens
422 962 453 1010 ad
462 979 534 1027 opem
543 997 550 1021 ‚
560 963 677 1029 radixque
684 959 792 1011 medenti

110 1035 188 1084 Utilis
200 1035 225 1083 in
239 1046 294 1085 toto
309 1035 413 1084 nascitur
428 1036 506 1094 orbe,
524 1052 577 1085 mea
592 1035 634 1085 est.

73 1106 119 1155 Me
130 1108 241 1156 miseram
251 1108 258 1156 !
271 1108 337 1173 quod
347 1125 414 1157 amor
423 1125 473 1157 non
484 1109 518 1158 est
528 1109 675 1159 medicabilis
685 1106 777 1158 herbis.

110 1178 242 1237 Deficior,
259 1180 364 1246 prudens
379 1168 455 1239 artis,
469 1183 499 1231 ab
514 1194 566 1231 arte
582 1182 645 1231 mei.
804 1196 857 1247 150
914 1247 918 1253 .

20 1267 21 1270 ’
74 1251 128 1317 lpse
142 1264 258 1317 repertor
270 1254 323 1319 opis
333 1270 420 1304 vaccas
433 1254 521 1319 paviffe
533 1254 645 1305 Pheraeas

112 1325 201 1375 fertur
211 1360 219 1383 ,
236 1326 261 1375 ὃ(
271 1344 285 1375 a
295 1326 376 1375 nostro
385 1327 479 1377 saucius
489 1329 546 1395 igne
558 1329 614 1378 fuit.

76 1396 152 1461 Quod
162 1416 243 1463 neque
254 1400 397 1466 graminibus
407 1402 480 1450 tellus
490 1401 594 1451 fecunda
608 1400 716 1453 creandis
726 1434 734 1461 ,

112 1473 168 1521 Nec
184 1472 255 1521 Deus
268 1489 277 1529 ;
291 1472 404 1522 auxilium
418 1486 446 1523 tu
459 1473 517 1523 mihi
533 1474 598 1525 t'ette
615 1486 697 1541 potes.

20 1600 22 1604 y
75 1544 107 1593 Et
123 1558 213 1611 potes,
229 1545 256 1594 δι
269 1545 346 1595 merui
358 1561 366 1594 t
379 1546 456 1613 dignae
472 1546 584 1597 miserere
600 1550 705 1613 puellaet
804 1565 854 1616 ¹55

112 1618 172 1667 Non
186 1634 234 1685 ego
251 1634 307 1667 curn
323 1618 418 1669 Danais
435 1632 616 1688 arma-cruenta
634 1622 699 1671 fero.

76 1690 126 1742 Sed
141 1702 184 1740 tua
201 1692 270 1748 sum,
286 1703 416 1757 tecumque
434 1692 469 1741 fui
482 1692 615 1757 puerilibus
631 1695 715 1744 annis:

113 1763 147 1814 Et
160 1775 221 1821 tua,
234 1764 300 1831 quod
311 1765 417 1831 riperest
429 1766 563 1831 temporis,
580 1764 625 1817 else
644 1783 741 1833 precor.

108 1872 757 1946 ⁴——2'tssb-—4mo-

236 1993 524 2059 EPISTOLA
565 1995 630 2057 VI.
731 1994 732 1998 ’

164 2120 705 2212 Ηηειρῑιε·]ΑεοΝι.·

80 2216 137 2331 L
148 2293 184 2329 tr
193 2291 210 2329 ο
218 2292 265 2329 tta
282 2276 410 2327 Thelialiae
419 2275 503 2326 reduci
513 2273 615 2341 tetigilie
627 2274 707 2327 carini

116 2354 233 2411 Diceris,
249 2363 341 2401 aurate
355 2352 448 2400 vellere
465 2350 532 2399 dives
544 2350 606 2399 ovis.

83 2425 202 2477 Gratulor
212 2424 343 2482 incolumi,
358 2435 472 2490 quantum
481 2420 535 2471 finis
548 2438 554 2472 :
567 2422 615 2473 hoc
626 2422 763 2491 tamenipsa

116 2501 258 2550 Debueram
277 2498 366 2563 scripto
385 2496 476 2545 certior
492 2494 539 2545 eise
555 2506 608 2545 tuo.

81 2573 160 2632 Nam,
178 2590 209 2623 ne
219 2572 288 2639 padia
297 2571 342 2621 tibi
351 2582 440 2637 praeter
449 2585 503 2617 mea
514 2584 587 2636 regna
598 2568 707 2630 redires,
800 2594 814 2645 ς

118 2645 179 2696 Crim
195 2660 316 2712 cuperes,
330 2656 419 2693 ventos
434 2658 484 2691 non
498 2640 603 2691 habuisse
620 2655 701 2708 potes.

84 2719 223 2785 Quamlibet
238 2717 342 2769 adverso
354 2715 459 2783 signetur
476 2714 574 2781 epistola
587 2728 677 2775 vento,

117 2792 251 2860 Hypsipyle
266 2790 336 2841 missi
350 2781 421 2856 digna
436 2788 571 2839 salutesui.

84 2866 134 2917 Cur
144 2868 202 2915 mihi
212 2866 276 2915 fama
286 2864 369 2929 prior,
381 2868 451 2929 quim
462 2862 548 2911 nuncia
559 2863 643 2919 litera,
659 2860 746 2923 veuit,

118 2938 160 2991 lise
176 2940 258 2992 iactos
273 2937 363 2990 Martis
376 2936 420 2987 sub
436 2935 494 3005 juga
506 2934 584 3003 panda
599 2933 696 2987 boves?
806 2948 842 2990 to
903 2894 908 2906 Ι
