2034 3709
154 228 398 313 Rauranum
427 241 636 312 Antonia.
688 246 761 339 285

60 361 136 420 Sunt,
153 378 204 428 quae
219 379 268 411 non
283 362 395 427 possint,
415 362 496 428 aliquo
512 376 635 429 cogente,
652 362 751 430 juberi;

95 435 161 501 Saepe
177 447 257 485 tamen
274 435 329 484 casu
344 434 406 485 fasta
421 433 506 499 iuvare
522 436 610 485 solent.

59 506 144 557 Perdat
158 524 218 575 opes
233 508 353 566 Phaedra3
371 523 476 575 parces,
495 508 630 576 Neptune,
649 509 752 577 nepoti:

94 582 145 630 Nec
161 581 233 630 faciet
249 582 350 647 pavidos
364 595 447 631 taurus
463 581 542 631 avitus
559 598 647 647 equor.

60 654 177 704 Gnossida
194 654 287 704 teciffes
302 656 421 720 inopem;
439 652 558 721 sapienter
575 654 681 707 amallet.
770 672 821 722 745

93 726 188 777 Divitiis
203 729 274 777 alitur
290 727 423 777 luxuriosus
439 741 519 779 amor.

58 797 106 847 Cur
117 816 187 850 nemo
196 800 246 859 eli,
258 799 370 850 Hecalen
382 817 391 859 3
401 801 465 850 nulla
476 801 527 859 est,
539 818 592 869 quae
602 801 698 869 ceperit
708 802 765 853 lron
776 800 787 853 i

92 873 184 938 Nempe
202 874 269 940 quod
282 876 344 923 alter
359 890 453 941 egens,
471 875 547 924 altera
564 892 655 941 pauper
672 888 733 926 erat.

59 945 112 994 Non
125 946 199 995 habet
211 980 219 1006 ‚
233 946 297 995 unde
313 946 379 996 suum
395 959 523 1012 paupertas
539 948 618 1012 pascat
634 964 760 1000 amorem:

92 1019 147 1068 Non
157 1031 238 1069 tamen
249 1021 296 1070 hoc
306 1020 368 1069 tanti
377 1019 410 1069 eli
422 1052 430 1079 ,
440 1036 532 1086 pauper
543 1034 570 1071 ut
580 1021 626 1071 elle
637 1023 707 1075 velis.
771 1039 786 1087 7
792 1037 824 1085 50

58 1090 89 1139 At
104 1092 147 1141 tibi
162 1091 193 1141 sit
207 1093 288 1151 tanti,
306 1109 355 1142 non
371 1092 496 1160 indulgere
514 1094 634 1152 theatris;

91 1164 156 1214 Dum
172 1166 235 1215 bene
251 1165 282 1214 de
299 1181 377 1214 vacuo
393 1166 492 1230 petiere
510 1166 580 1215 cedat
597 1184 674 1216 amor.

57 1236 174 1287 Enervant
191 1234 284 1288 animos
299 1238 415 1295 citharae,
434 1241 568 1303 lotosque,
588 1241 716 1307 lyraeque3

91 1310 121 1359 Et
137 1328 205 1370 uox,
225 1311 252 1361 δι
268 1310 372 1362 numetis
388 1311 484 1360 brachia
499 1323 564 1361 mota
581 1312 637 1362 suis.

57 1381 107 1432 illic
122 1383 217 1434 assidue
233 1382 282 1433 fiai
299 1383 413 1433 saltantur
429 1396 556 1435 amantes:
771 1402 823 1451 755

92 1455 156 1520 Quid
173 1473 261 1507 caveas
278 1456 364 1515 atior,
380 1457 437 1523 quid
452 1456 541 1523 juvet,
556 1470 609 1507 arte
625 1458 708 1511 docet.

57 1527 159 1595 Eloquar
174 1530 265 1580 inuitus
282 1542 404 1580 :teneros
421 1546 452 1578 ne
468 1542 541 1597 tange
557 1532 663 1595 po'e'tas:

92 1602 230 1653 Submoueo
248 1603 320 1653 dotes
336 1601 420 1667 impius
437 1602 486 1669 ipse
502 1618 577 1653 meas.

58 1674 227 1726 Callimachum
244 1674 342 1741 iugit05
357 1691 406 1724 non
422 1674 455 1723 eli
470 1676 578 1725 inimicus
593 1676 699 1734 Amorit

92 1748 123 1798 Et
137 1766 192 1799 cum
206 1748 357 1798 Callimacho
373 1762 400 1798 tu
416 1764 532 1815 quoque,
551 1748 624 1808 Coe,
642 1766 726 1803 noces.
773 1752 826 1815 760

60 1820 102 1870 Me
119 1820 185 1876 cette
200 1820 299 1889 Sappho
315 1821 440 1871 meliorem
457 1821 518 1871 iecit
534 1822 635 1871 amicae:

92 1895 144 1944 Nec
160 1895 252 1963 rigidos
267 1910 349 1944 mores
364 1893 430 1943 Teia
447 1893 517 1943 Mula
533 1894 610 1945 dedit.

57 1964 165 2018 Carmina
181 1968 235 2036 quir
251 1968 331 2033 potuit
347 1965 402 2016 tuti)
417 1965 498 2033 legille
515 1966 624 2027 Tibulli,

91 2043 139 2092 Vel
155 2055 216 2100 tua,
237 2040 306 2106 cujus
323 2056 384 2107 opus
400 2038 506 2105 Cynthia
521 2040 570 2089 sola
586 2037 654 2091 fuit?

58 2111 117 2175 Quis
134 2116 214 2180 potuit
230 2114 294 2163 letto
311 2113 383 2163 durus
400 2111 522 2161 discedere
542 2110 639 2163 Gallo?
773 2115 824 2181 765

93 2186 124 2237 Et
139 2204 193 2237 mea
208 2186 290 2236 nescio
308 2186 365 2252 quid
382 2186 485 2235 carmina
504 2186 575 2235 dulce
593 2186 687 2237 sonant.

35 2286 38 2289 ·
56 2258 131 2322 Quod
144 2262 190 2310 nisi
204 2262 255 2311 dux
270 2260 351 2325 operis
367 2270 448 2308 vatem
464 2258 586 2307 frustratur
602 2260 713 2325 Apollo,

92 2330 201 2383 AEmulus
219 2331 253 2381 eli
268 2331 340 2381 nostri
355 2332 457 2381 maxima
474 2331 544 2381 causa
560 2332 625 2381 mali.

57 2403 91 2455 At
106 2418 133 2456 tu
148 2407 249 2457 rivalem
264 2405 314 2454 noli
329 2404 373 2455 tibi
387 2403 480 2471 fingere
496 2420 659 2470 quemquam

93 2478 168 2546 Inque
185 2481 233 2529 l'uo
245 2478 319 2528 solam
333 2477 405 2528 crede
423 2479 504 2541 jacere
521 2489 587 2526 toro.
773 2495 827 2543 770

58 2549 145 2602 Acriis
161 2551 312 2603 Hermionen
328 2551 384 2600 ideo
403 2550 487 2600 dilexit
503 2549 622 2609 Orestes,

94 2625 147 2676 Effe
162 2626 228 2691 quod
244 2624 342 2675 alterius
360 2635 469 2689 coeperat
482 2622 523 2671 illa
539 2623 592 2673 viri.

59 2696 146 2760 Quid,
162 2699 296 2756 Menelae‘,
314 2694 406 2747 doles?
422 2698 473 2747 ibas
487 2696 540 2744 sine
554 2694 659 2765 conjuge
676 2694 789 2750 Creten:

97 2771 128 2820 Et
143 2782 241 2835 potetas
257 2771 332 2837 nupti
348 2770 428 2820 lentus
443 2769 521 2819 abelle
537 2770 588 2821 tui.
702 2764 705 2771 ¹

58 2844 95 2894 Ut
106 2842 171 2892 Paris
181 2843 242 2893 hanc
252 2845 348 2910 rapuit,
365 2860 427 2891 nunc
439 2842 534 2892 demum
544 2858 620 2892 uxore
632 2850 715 2895 carere
775 2859 809 2909 77
813 2859 826 2908 ς

95 2916 155 2968 Non
171 2927 242 2983 potes
261 2933 269 2969 a
287 2917 385 2969 alterius
399 2916 479 2967 crevit
493 2930 575 2967 amore
590 2928 656 2969 tuus.
