2034 3709
158 289 162 296 ,
241 252 292 326 72
341 237 381 304 P.
406 238 592 309 orum
617 240 849 310 Naroma

237 352 349 419 Namque
359 371 408 422 ego
418 356 501 406 divino
514 358 610 408 monitu
620 391 629 416 ,
642 376 673 410 ne
683 360 764 410 nescia
774 377 866 428 pecces
873 366 888 420 ‚'

275 425 408 479 Adrehor:
420 429 447 480 δι
457 443 541 496 coepto
553 447 602 481 non
611 433 667 484 leve
677 449 766 484 numen
777 433 854 483 adest.

124 529 129 533 -
237 497 338 550 Ptaemia
346 517 432 569 magna
443 503 539 568 quidem
548 537 556 562 ,
565 504 606 554 sed
617 523 668 556 non
675 507 784 556 indebita
792 507 870 572 posco
881 519 895 559 a

195 588 231 625 ao
275 569 388 624 Pollicita
396 575 430 643 eli
440 577 549 626 thalamo
558 589 583 628 te
595 577 721 646 Cytherea
730 596 799 632 meo.

238 642 293 695 Hac
302 646 365 698 duce
375 681 384 706 ,
396 648 475 716 Sigeo
488 650 572 700 dubias
582 667 596 700 a
606 651 678 704 litore
692 652 743 704 ieci

275 718 361 787 longa
371 720 504 772 Phereclea
514 739 557 788 per
569 724 632 774 freta
642 741 723 791 puppe
733 725 796 776 viat.

238 789 285 844 Illa
294 793 362 844 dedit
372 793 456 844 faciles
466 811 553 856 auras,
564 810 701 865 ventosque
711 798 832 849 secundos
843 813 853 850 a

276 865 306 915 lo
314 882 380 918 mue
390 868 500 918 nantum
507 867 547 934 juo
557 869 632 922 habet
643 883 696 920 orta
706 872 777 922 mari.

183 953 228 1002 ⁴25
239 936 349 990 Perstet:
361 939 406 999 δι,
419 955 447 990 ut
455 943 552 1010 pelagi.
561 944 596 994 sic
606 943 713 1010 pellatia
722 943 825 1012 adjuret
833 942 938 998 atoma

274 1009 412 1071 Deieratin
422 1027 507 1079 portur
518 1015 544 1066 δι
554 1033 608 1066 mea
617 1029 677 1066 vota
684 1016 750 1068 suot.

238 1082 370 1136 Attulimus
378 1086 484 1138 flammat
495 1105 563 1147 ‚non
572 1087 612 1140 hit
620 1089 755 1140 invenimus
762 1089 834 1141 illast

187 1221 192 1227 Ι
274 1157 321 1208 Har
329 1159 614 1228 mihitamlortgaecausa
623 1163 759 1214 [naevia.

238 1231 301 1282 Nam
307 1249 387 1298 neque
393 1233 463 1285 tristis
469 1234 546 1285 hiems
555 1267 562 1292 ,
572 1251 651 1302 neque
659 1252 705 1286 aot
715 1237 762 1288 huc
769 1235 864 1303 appulit
872 1247 957 1287 error}

195 1321 231 1372 30
275 1305 383 1355 Taenaris
394 1305 428 1356 est
436 1307 507 1356 classi
517 1319 583 1358 terra
593 1309 671 1374 petita
681 1325 750 1359 meae.

238 1378 292 1427 Nec
302 1393 340 1426 me
352 1379 425 1428 crede
436 1379 524 1436 irenam
534 1413 541 1438 ,
551 1397 645 1432 merces
655 1394 768 1448 portante
778 1380 880 1442 carina,
900 1398 905 1406 ’

274 1449 378 1501 Findere
392 1467 400 1502 a
412 1469 471 1519 quas
479 1453 573 1511 habeo,
581 1453 615 1504 Di
625 1463 758 1512 tueantur,
770 1471 842 1521 opes.

237 1522 292 1573 Nec
303 1523 376 1574 renio
388 1524 494 1592 Graias,
508 1527 585 1578 veluti
595 1526 732 1593 spetlum,
743 1528 775 1578 ad
784 1529 858 1579 urbes
869 1543 878 1578 a

275 1595 375 1662 Oppida
384 1597 438 1648 sunt
446 1598 516 1666 regni
524 1599 637 1651 divitiora
646 1601 704 1652 mei.

195 1686 208 1738 3
214 1687 226 1737 5
238 1669 277 1718 Te
287 1682 347 1734 peto
357 1703 365 1728 ‚
377 1688 446 1737 quam
455 1672 518 1722 letto
529 1673 620 1742 pepigit
631 1674 717 1728 Vetus
726 1687 800 1725 aurea
809 1671 893 1726 nostro
905 1687 918 1732 a

274 1741 313 1790 Te
323 1744 389 1808 priua
399 1745 499 1810 optavi,
510 1750 581 1811 quam
590 1747 648 1796 mihi
658 1759 716 1797 nota
726 1747 803 1797 fores.

238 1814 306 1871 Ante
313 1826 370 1868 tuor
377 1818 458 1869 animo
466 1818 517 1869 vidi
527 1850 535 1877 ,
545 1822 614 1889 quam
625 1820 729 1880 lumine,
740 1821 821 1874 vultus
832 1835 841 1872 t

275 1886 353 1938 Prima
363 1889 408 1940 fuit
417 1891 497 1942 tultis
507 1893 595 1942 nuncia
603 1893 666 1944 fama
674 1893 719 1944 tui.

238 1961 295 2012 Nec
302 1961 423 2014 tameoest
432 1964 533 2022 mirum,
543 1963 565 2032 ri
575 1997 583 2024 ‚
593 1965 656 2016 sicut
664 1977 795 2032 oporteat,
804 1980 867 2019 arcta

193 2052 230 2100 40
275 2033 409 2087 Missilibus
418 2037 473 2087 telis
483 2038 577 2088 eminus
586 2038 645 2089 iilos
658 2055 740 2096 ,amm

240 2107 280 2158 Sic
291 2109 383 2174 placuit
393 2110 466 2162 latis:
477 2127 531 2176 que
545 2127 576 2160 ne
586 2113 726 2164 convellere
739 2122 821 2164 tentet
832 2143 845 2172 ,

275 2180 368 2248 Accipe
378 2199 432 2232 cum
438 2183 502 2234 ‚veri
511 2183 572 2234 dieta
581 2186 657 2236 relata
665 2183 723 2236 fide.

238 2252 327 2306 Matris
335 2256 414 2304 adhuc
422 2269 513 2314 utero,
524 2272 594 2323 partu
601 2269 758 2318 remorante,
769 2259 874 2310 tenebar
885 2271 898 2312 a

275 2325 329 2378 Jam
338 2329 450 2395 gravidus
458 2328 521 2395 justo
532 2331 641 2396 pondere
651 2343 738 2382 venter
748 2343 811 2382 erat.

192 2415 228 2464 45
240 2398 285 2454 Ilia
296 2400 343 2450 sibi
355 2402 479 2470 ingentem
490 2403 539 2456 visa
551 2403 584 2454 est
596 2405 638 2454 sub
648 2404 751 2472 imagine
764 2403 841 2456 somni

276 2473 448 2526 Flammiferam
456 2478 639 2543 plenoreddere
650 2492 735 2529 ventre
749 2477 841 2529 facem.

239 2545 335 2596 Territa
342 2549 473 2616 consurgit;
482 2552 660 2620 metuendaque
667 2551 742 2602 noetis
754 2566 840 2618 opaca

275 2617 335 2670 Visa
342 2620 391 2669 seni
401 2620 510 2679 Priamo,
520 2625 613 2675 vatibus
620 2626 677 2682 ille,
688 2624 776 2676 refert.

238 2692 350 2744 Arsuram
361 2692 452 2744 Paridis
459 2707 529 2746 vates
540 2699 606 2747 canit
615 2697 677 2748 lliorr
689 2697 748 2766 igni.

196 2781 231 2831 50
277 2764 383 2816 Pectora
391 2799 399 2824 ‚
408 2780 437 2816 ut
445 2769 565 2828 nunceti,
579 2772 619 2820 fax
630 2771 675 2820 fuit
686 2771 726 2822 illa
736 2763 794 2823 mei.

235 2837 327 2890 Forma
334 2839 451 2905 vigorque
460 2841 531 2892 animi
538 2876 546 2901 ‚
554 2843 661 2910 quamvis
672 2843 702 2892 de
712 2845 783 2912 plebe
793 2841 914 2908 videbatss

276 2911 471 2969 lodicioateaae
478 2916 611 2970 nobilitatis
622 2927 701 2974 etanta
910 2957 952 3046 m

769 3081 778 3114 l
