2034 3709
196 247 441 319 Rullum
466 249 685 321 Asturii.
738 270 814 345 277

97 367 229 435 Pasiphaes
245 368 330 417 Minos
345 368 370 418 in
386 366 502 419 Procride
519 369 625 435 prodidit
641 370 729 438 ignes:

135 442 220 491 Cessit
233 444 263 491 ab
278 442 343 490 ldsea
358 440 464 508 cunjuge
480 442 542 491 vitia
557 442 632 507 prior.

97 514 255 581 Amphilochi
271 514 346 563 frater
361 530 392 563 ne
407 513 513 582 Phegida
528 516 622 581 semper
636 529 747 576 amaret,
820 532 854 580 45
861 530 871 580 5

134 588 260 639 Callirhoe'
276 587 335 636 fecit
349 600 417 653 parte
433 600 533 653 recepta
549 588 608 638 tori.

94 660 130 713 Et
143 660 215 713 Parin
229 660 325 711 (Inone
341 659 444 711 summus
459 659 574 710 teuuillet
588 660 618 711 ad
633 676 708 713 annos
722 695 730 722 ‚

134 735 162 786 Si
179 752 230 784 non
246 732 340 783 <Elatia
353 734 442 800 pellite
458 734 513 784 tela
528 733 603 785 iuret.
644 744 656 755 ”

95 805 220 876 conjugis
237 807 346 874 Odrysio
362 805 485 873 placuisset
499 806 577 857 forma
594 820 722 875 tyrannot

134 881 186 931 Sed
201 882 289 930 melior
305 879 390 931 clausa
406 881 484 930 forma
499 879 588 931 suroris
604 892 666 931 erat.
820 881 874 944 460

95 947 168 1019 Quid
183 970 267 1004 morer
283 953 417 1019 exemplis,
436 967 539 1020 quotum
558 970 596 1003 me
612 956 683 1004 turba
697 950 807 1023 fatigati

134 1027 278 1078 Succeffure
293 1042 361 1077 novo
376 1026 480 1076 vincitur
495 1026 573 1077 omais
589 1043 666 1079 amur.

95 1100 196 1152 Fortius
213 1118 227 1151 e
245 1100 326 1149 multis
342 1111 419 1149 mater
437 1099 557 1149 desiderat
573 1116 666 1159 unum3

134 1173 218 1238 Quini
233 1172 349 1222 euidens
365 1173 470 1231 clamat,
490 1172 532 1223 Tu
547 1171 605 1222 mihi
622 1173 684 1224 solus
702 1188 766 1225 eras.

95 1218 135 1297 dc
152 1263 184 1297 ne
200 1246 268 1297 forti
284 1258 355 1310 putes
372 1262 436 1296 nova
450 1262 489 1294 ne
505 1246 550 1296 tibl
567 1245 673 1297 condere
689 1245 763 1311 jurat
784 1280 787 1286 -
822 1244 873 1309 465

134 1317 239 1386 (Atque
255 1318 347 1369 utinam
359 1320 452 1368 inventi
469 1318 546 1386 gloria
560 1318 639 1368 nolite
655 1319 722 1369 iuret
735 1318 767 1386 l)

98 1392 171 1445 Vidit
186 1392 211 1442 id
226 1392 326 1444 Atrides
342 1406 351 1442 t
368 1390 426 1458 quid
443 1392 506 1441 enim
522 1406 572 1443 nou
586 1392 628 1441 ille
642 1392 758 1451 rideret,

133 1464 211 1531 Cujus
227 1466 253 1515 iu
267 1465 366 1515 arbitrio
381 1463 481 1516 Gracia
496 1477 551 1515 tota
569 1462 639 1515 fuist

95 1538 179 1590 Marte
194 1538 239 1588 iuo
255 1549 350 1603 captam
366 1536 503 1604 Chryseida
520 1537 598 1588 viltor
614 1540 730 1589 amabat:

132 1612 168 1662 At
183 1612 262 1661 senior
275 1608 346 1660 stulte
361 1609 435 1659 flebat
449 1610 540 1676 ubique
556 1626 653 1676 parens.
817 1625 872 1677 470

95 1682 164 1749 Quid
178 1686 314 1753 lacrymas,
330 1682 414 1733 odiose
430 1680 526 1733 senex?
545 1683 609 1733 bene
623 1683 739 1735 convenit
754 1683 810 1735 illis.

112 1767 116 1786 ¹
133 1756 226 1808 Officio
242 1770 322 1807 natam
338 1756 424 1814 laedis,
442 1756 547 1823 inepte,
566 1767 619 1808 tue.

96 1830 179 1897 Quam
194 1830 246 1898 post
261 1833 330 1904 qudut
345 1829 414 1881 reddi
426 1828 549 1888 Calchas,
570 1846 617 1896 ope
634 1842 701 1881 tutus
718 1828 835 1887 Achillis,

132 1904 254 1964 Jufferat,
275 1904 301 1955 dt
315 1902 392 1970 patrii
407 1900 442 1951 est
457 1902 497 1951 illa
515 1914 615 1967 recepta
632 1904 728 1959 domo·;

94 1976 156 2036 Est,
172 1977 208 2027 ait
221 1977 339 2035 Atrides,
357 1976 392 2025 illi
407 1976 476 2041 quim
489 1976 599 2041 proxima
613 1974 711 2033 formi;
818 1989 872 2039 475

132 2050 185 2111 Et,
205 2051 225 2101 si
241 2050 315 2117 prima
330 2049 393 2100 sinat
409 2048 518 2115 syllaba,
536 2063 626 2097 nomen
643 2047 725 2121 iderytt

93 2122 167 2175 Hauc
182 2124 260 2181 mihi,
277 2124 299 2173 si
311 2122 404 2188 sapiat,
422 2138 466 2187 per
481 2120 506 2170 le
522 2119 643 2171 concedat
657 2120 785 2171 Achilles:

132 2198 158 2247 si
174 2198 271 2255 minus;
288 2195 414 2260 imperium
430 2194 516 2243 sentiat
533 2194 575 2243 ille
592 2210 681 2244 meum.

94 2269 173 2335 Quod
190 2270 212 2321 s'i
226 2270 279 2337 quis
291 2266 394 2319 vestrdru
410 2266 497 2316 fastum
514 2267 562 2317 hoc
579 2266 693 2325 incusat,
711 2264 821 2323 Achivi,-

132 2343 173 2393 Est
188 2343 277 2409 aliquid
292 2340 370 2391 validi
387 2340 480 2406 sceptra
495 2353 583 2390 tenere
599 2356 681 2391 manu.
819 2338 873 2401 480

93 2419 177 2473 tum,
196 2418 218 2467 si
232 2416 286 2466 Rex
302 2428 350 2482 ege
366 2413 435 2472 sum,
451 2429 498 2462 uec
515 2430 609 2463 mecum
627 2410 811 2471 dormierint,

131 2490 161 2540 lu
177 2506 231 2539 mea
245 2489 373 2538 Thersites
388 2503 482 2553 regna,
500 2486 604 2544 licebit,
622 2498 674 2536 eat.

94 2564 186 2621 Dixit,
206 2562 232 2613 δι
247 2564 309 2612 hanc
325 2558 410 2609 habuit
425 2558 511 2609 solatia
528 2575 612 2627 magua
628 2557 737 2625 priorist

131 2636 165 2686 Et
180 2636 246 2702 prior
262 2635 296 2685 est
313 2631 373 2683 curi
389 2648 448 2681 curs
462 2631 555 2698 (epulta
572 2630 646 2683 nevi.

96 2705 463 2775 Ergoafl'umeuovas,auiiore
471 2704 800 2772 Agamemnone,flamatas;
821 2703 873 2771 485

130 2781 169 2831 Ut
184 2793 239 2831 tuus
255 2782 279 2831 in
295 2779 361 2830 bivio
379 2776 517 2827 distineatur
531 2796 607 2829 amor.

6 2907 7 2910 ,
95 2856 214 2922 Quaeris,
228 2856 269 2905 ubi
284 2848 415 2903 invenias?
430 2864 514 2909 artes,
533 2852 563 2909 i,
580 2852 681 2921 perlege
698 2848 799 2906 nostras.

95 2927 97 2931 ’
131 2926 208 2983 Plena
223 2928 357 2996 puellarum
373 2922 423 2993 jau
439 2924 482 2976 tibi
499 2925 567 2978 navis
584 2936 635 2982 eat.
