2034 3709
222 278 499 349 Hanornrs.
527 281 607 351 Er.
632 282 681 351 Χ.
757 303 807 380 43

94 398 164 451 Luna
172 396 220 450 fult
230 416 237 451 ε
248 400 344 467 specto,
355 400 375 450 si
386 401 460 467 quid,
471 400 517 451 nisi
526 401 612 460 litora,
624 418 731 453 cernam.

132 472 210 536 Quod
223 474 321 523 videant
332 474 396 523 oculi
407 507 415 532 ,
428 474 461 523 nil
472 474 518 523 nisi
526 476 583 525 litus
592 476 691 527 babent.

94 545 169 597 Nunc
177 547 241 607 huc,
252 562 315 596 nunc
324 547 391 606 illuc,
402 546 428 597 δι
439 560 554 615 utroque.
562 550 615 599 sine
623 549 808 609 ordine,curro:

132 618 191 669 Alta
203 620 323 687 puellares
334 621 413 670 tardat
422 638 494 671 arena
505 622 591 687 pedes.
822 645 857 682 20

94 690 194 742 Interea
202 706 258 743 toto
268 694 378 743 clamanti
387 694 475 753 litore,
486 695 603 754 Theseu,

132 766 278 817 Reddebant
288 784 376 817 nomen
388 782 495 817 concava
506 768 561 817 saxa
570 782 649 820 tuum.

97 838 129 889 Et
144 841 242 905 quoties
251 857 298 907 ego
306 854 330 890 te
340 874 347 898 ,
359 841 434 890 toties
445 843 514 901 locus
526 840 576 907 ipse
586 844 705 896 vocabatt
803 888 807 895 .

132 911 186 978 Ipse
197 914 266 963 locus
274 914 364 963 miserae
374 914 439 965 lerre
449 917 549 965 volebat
558 933 640 981 opero.

95 982 173 1034 Mons
185 986 230 1035 luit
239 1003 249 1047 5
260 999 376 1053 apparent
387 988 488 1038 frutices
498 990 523 1037 in
533 991 627 1040 vertice
635 988 693 1040 rari.
820 1012 854 1064 ²5

133 1058 198 1107 Hinc
208 1059 319 1125 scopulus
328 1062 406 1111 raucis
417 1062 509 1127 pendet
520 1062 605 1112 adesus
613 1063 691 1129 aquis.

95 1129 210 1191 Ascendo
220 1165 228 1191 ,
240 1134 305 1183 vires
315 1135 406 1184 animus
422 1135 493 1183 dabat
505 1151 513 1192 ;
526 1146 599 1201 atque
610 1136 643 1184 ita
652 1134 702 1184 late

131 1204 244 1273 AEquora
253 1207 380 1273 prospeflu
390 1207 477 1257 metior
486 1209 536 1256 alta
544 1224 610 1258 mco.

95 1278 156 1330 Inde
166 1296 213 1347 ego
225 1276 298 1345 (nam
308 1280 387 1330 centis
397 1296 494 1347 quoque
505 1281 554 1329 sum
563 1280 700 1331 crudelibus
710 1279 771 1350 usa)

132 1353 190 1404 Vidi
200 1353 421 1420 praecipiticarbasa
430 1366 498 1403 tenta
508 1368 579 1403 noro.
821 1367 858 1422 ,ο

94 1422 147 1475 Aut
159 1427 225 1476 vidi:
236 1428 360 1476 autetiam
371 1459 378 1485 ,
390 1426 444 1491 quia
454 1442 493 1475 me
506 1426 589 1475 vidiffe
598 1427 699 1492 putavi,

133 1498 252 1565 Frigidior
262 1500 339 1567 glacie
354 1497 542 1564 semianimisque
554 1500 598 1548 fui.
663 1515 666 1522 ⁴

8 1600 10 1605 ·
95 1570 151 1621 Nec
162 1573 277 1639 languere
289 1572 330 1621 diu
340 1573 430 1637 patitur
441 1571 529 1621 dolor:
544 1573 639 1622 excitor
649 1573 710 1633 illo,

132 1644 237 1694 Excitor
247 1662 255 1703 ;
267 1646 293 1695 ἃ
304 1644 392 1695 summi
400 1645 496 1695 Thesea
505 1662 570 1695 voce
577 1662 653 1696 voco.

96 1714 155 1780 Qud
166 1717 249 1785 fugis?
260 1720 386 1769 exclamo:
400 1718 532 1777 scelerate,
542 1732 683 1778 revertere,
693 1717 806 1769 Theseu:
821 1734 855 1788 35

132 1790 151 1839 F
153 1792 215 1839 lette
226 1804 302 1840 ratem
313 1808 320 1841 ι
331 1806 455 1842 numerum
466 1808 516 1841 non
525 1793 599 1842 babet
608 1792 649 1842 illa
659 1793 735 1843 suum.

94 1860 158 1912 Haec
169 1879 216 1929 ego
227 1880 236 1921 3
249 1864 314 1929 quod
325 1866 382 1914 voci
391 1864 490 1924 deerat,
501 1867 619 1933 plangore
628 1867 761 1932 replebam.

132 1934 245 1985 Verbera
257 1952 310 1986 cum
319 1939 399 1987 verbis
408 1939 480 1987 mixta
488 1938 557 1989 fudre
568 1940 637 1989 meis.

95 2007 122 2059 si
131 2025 181 2058 non
193 2010 286 2059 audires
297 2043 305 2068 ,
316 2022 343 2060 ut
358 2010 440 2061 saltem
450 2026 551 2061 cernere
561 2012 657 2079 polles,

132 2080 231 2134 Jatutae
240 2082 287 2132 late
297 2084 365 2150 signa
375 2084 465 2136 dedere
476 2100 572 2135 manus.
819 2103 857 2153 40

94 2153 254 2221 Candidaque
264 2156 364 2220 imposui
377 2158 456 2224 longa
467 2157 588 2207 velamina
595 2156 686 2227 virge,
759 2189 763 2193 Α

133 2228 233 2277 Scilicet
245 2230 333 2279 oblitos
344 2229 495 2281 admonitura
506 2230 564 2279 mei.

94 2299 200 2367 Jamque
210 2302 286 2351 oculis
293 2314 393 2367 ereptus
402 2318 455 2351 eras
465 2318 473 2352 a
485 2313 538 2351 tum
547 2301 651 2368 denique
661 2300 734 2354 flevit

133 2374 290 2439 Torpuerant
300 2376 386 2425 molles
395 2388 451 2425 ante
462 2375 549 2425 dolore
558 2391 636 2442 genae.

94 2446 164 2513 Quid
174 2448 255 2513 potius
268 2448 394 2508 facerent,
406 2452 475 2516 quam
486 2464 525 2497 me
535 2464 588 2499 mea
598 2448 800 2508 luminaderent,
819 2469 854 2518 45

133 2518 261 2586 Postquam
271 2520 392 2571 desierant
402 2524 456 2573 vela
465 2521 551 2571 videre
560 2533 602 2571 tua
613 2518 625 2570 i

97 2590 151 2645 Aut
163 2608 211 2663 ego
223 2588 313 2643 diffusis
325 2596 404 2644 erravi
413 2595 462 2660 sola
473 2595 582 2661 capillis,

132 2665 219 2730 Qualis
230 2668 259 2715 ab
269 2666 369 2737 Ogygio
379 2669 475 2718 concita
484 2668 579 2718 baccha
590 2668 668 2720 Deo:

94 2738 148 2790 Aut
157 2755 223 2788 mare
234 2739 382 2805 prospiciens
391 2740 414 2790 in
425 2742 481 2791 laxo
490 2741 575 2809 frigida
586 2742 653 2800 sedi3

132 2811 262 2879 Quamque
273 2812 332 2878 lapis
342 2812 488 2872 sedes‚tam
498 2815 558 2879 lapis
570 2814 618 2879 ipsa
627 2814 671 2865 fui.
795 2836 799 2841 ⁴
824 2826 858 2876 50

94 2884 165 2952 Saepe
175 2900 256 2937 torum
265 2897 367 2951 repeto,
380 2887 421 2953 qui
431 2904 476 2937 nos
485 2899 615 2951 acceperat
624 2888 725 2947 ambos)

130 2958 181 3011 Sed
193 2974 244 3011 non
253 2970 369 3027 acceptos
380 2960 529 3014 exhibiturus
544 2971 610 3015 erat.
