2034 3709
224 256 300 329 286
349 256 557 325 Orrnrr
583 250 838 324 NAsonrs

222 376 281 427 Hoc
295 374 322 425 81
334 375 359 423 in
374 372 476 423 abduffi
489 372 597 423 Briseide
611 372 685 423 flebat
699 373 827 434 Achilles,

259 449 328 498 illam
344 446 473 497 Plisthenio
486 445 572 513 gaudia
586 445 650 495 serre
665 458 731 496 toro.

222 524 278 573 Nec
290 519 376 571 frustra
386 520 461 570 flebat
476 535 485 569 t
500 519 558 569 mihi
574 519 683 577 credite,
698 519 759 569 fecit
772 519 889 581 Atrides,

159 599 213 663 780
261 594 338 660 Quod
348 594 369 643 si
380 610 430 643 non
439 593 549 651 faceret,
564 593 669 658 turpiter
681 592 739 643 effes
752 592 828 643 iners.

222 667 301 721 Certe
312 684 360 735 ego
373 666 494 726 feciiiem,
511 682 557 715 nec
572 666 622 715 sum
635 664 765 731 sapientior
774 667 830 717 illo.

259 741 358 791 Invidia
373 740 465 791 frustm
477 740 592 790 maximus
606 738 647 788 ille
662 740 718 789 fuit.

220 815 285 867 Nam
296 814 343 865 suoi
355 813 421 881 quod
433 829 562 878 numquam
572 811 657 862 tudam
670 811 778 863 Briseida
789 811 856 879 jurat

259 886 307 939 Per
319 887 439 953 sceptrum
454 904 462 944 ;
477 885 597 951 sceptrum
612 902 661 935 uon
674 898 744 949 putat
757 886 805 935 effe
818 886 902 936 Deos.

159 961 211 1027 785
224 958 260 1012 Di
274 961 379 1020 faciant,
393 960 496 1011 domine
510 957 589 1025 possis
602 958 704 1008 transire
716 958 806 1009 reliiiae

258 1034 350 1084 Limina
364 1050 373 1093 ς
385 1032 514 1101 proposito
526 1030 690 1098 sufficiantque
702 1032 789 1097 pedes.

222 1106 255 1159 Et
267 1108 360 1173 potetis
375 1105 467 1158 :modo
478 1106 545 1155 velle
556 1117 613 1155 tene
628 1119 638 1153 .·
651 1122 715 1155 nunc
729 1105 828 1155 fortiter
838 1103 895 1163 ire,

258 1182 332 1232 Nunc
343 1196 405 1247 opus
415 1179 450 1231 eu
459 1179 544 1229 sceleri
556 1178 657 1229 subdere
670 1179 750 1229 calcar
760 1194 836 1247 equo.

222 1253 270 1304 Illo
280 1254 454 1322 Lotophagos,
465 1253 508 1302 illo
523 1252 619 1301 Sirenas
629 1252 654 1301 in
664 1264 735 1301 antro

158 1332 212 1392 790
258 1326 312 1377 Effe
325 1339 404 1393 puta:
420 1326 492 1376 remis
506 1323 585 1390 adjice
597 1326 653 1375 vela
666 1325 724 1376 tuis.

220 1400 293 1451 Hunc
304 1415 416 1465 quoque,
429 1416 478 1464 quo
488 1398 609 1465 quondam
620 1395 716 1447 nimidm
728 1397 804 1449 rivale
814 1397 939 1457 dolebas,

257 1473 356 1524 venem
368 1472 491 1521 desineres
505 1470 579 1521 hostis
594 1472 683 1520 habere
697 1472 766 1522 loco.

219 1545 254 1596 At
268 1544 351 1602 certe,
363 1544 472 1613 quamvis
484 1544 543 1594 odio
552 1555 710 1602 remanente,
727 1544 813 1595 saluta.

258 1618 349 1669 Oscula
361 1616 415 1669 edm
427 1618 520 1685 poteris
534 1616 583 1682 jam
597 1616 672 1675 dare,
688 1617 755 1669 sanus
767 1618 826 1667 eris.

157 1708 192 1761 79
196 1710 209 1765 5
222 1692 288 1743 Ecce
302 1693 369 1743 cibos
383 1692 472 1750 etiem,
487 1690 612 1741 medicina
625 1690 710 1759 fungar
720 1702 747 1741 ut
760 1690 826 1741 omni
933 1742 936 1747 ,

256 1765 379 1825 Munere,
394 1763 564 1831 immingus,
577 1780 671 1830 quosve
686 1763 804 1831 sequare,
818 1763 896 1813 dabo.

219 1839 347 1897 Daunius,
359 1854 389 1888 an
398 1836 495 1904 Libycis
508 1837 596 1885 bulbus
607 1836 651 1886 tibi
661 1835 739 1887 miss'us
752 1838 781 1887 ab
793 1836 860 1897 oris,

259 1912 298 1962 An
307 1912 391 1962 veniat
402 1910 510 1978 Megaris
522 1943 530 1968 ,
544 1910 631 1959 noxius
643 1910 719 1961 omnis
730 1910 788 1962 erit.¹

219 1988 274 2037 Nec
288 1984 366 2035 minus
376 2000 461 2035 erucas
473 1998 555 2049 aptum
566 1973 644 2033 vitare
658 1982 747 2033 salaces
757 2001 767 2042 ;

158 2058 211 2110 800
258 2058 290 2108 Et
302 2057 416 2126 quicquid
427 2056 522 2108 Veneri
533 2072 636 2123 corpora
647 2055 724 2106 nostra
735 2066 815 2123 perat.

219 2128 310 2184 Utilius
323 2132 400 2181 sumas
412 2141 528 2180 acuentes
541 2130 630 2179 lumina
642 2140 727 2189 tutan

255 2204 287 2255 Et
299 2204 412 2271 quiequid
423 2203 518 2256 Veneri
532 2218 635 2269 corpore
647 2202 725 2253 nostra
736 2213 819 2270 negat.

220 2277 288 2343 Quid
299 2278 342 2329 tibi
356 2276 494 2343 precipiam
507 2276 538 2325 de
549 2275 638 2325 Bacchi
652 2292 769 2336 munere,
783 2272 897 2343 quaeris?

256 2351 305 2417 Spe
317 2348 413 2401 brevius
425 2349 524 2400 monitis
538 2348 668 2415 expediere
680 2350 748 2401 meis.

157 2424 191 2477 80
195 2440 207 2489 5
218 2422 283 2476 vina
296 2436 381 2491 parant
390 2421 493 2473 animun
503 2421 598 2477 Veneri
609 2455 616 2480 ‚
631 2420 675 2472 nisi
686 2423 788 2489 plurima
798 2419 895 2481 sunau

256 2496 292 2546 Ut
305 2496 414 2562 stupeant
423 2498 502 2547 multo
514 2496 588 2546 cordo
599 2494 690 2561 sepulta
701 2512 779 2547 mero.

218 2568 330 2622 Nutritur
342 2582 420 2620 vento
430 2602 439 2628 ,
450 2583 527 2620 vento
540 2568 691 2635 restinguitur
703 2567 782 2637 igniet

255 2642 328 2692 Lenis
341 2642 384 2692 alit
395 2642 527 2702 flammam,
540 2642 653 2710 grandior
667 2657 722 2694 aure
736 2653 819 2693 necet.

217 2715 270 2767 Aut
282 2715 347 2766 nulla
358 2715 480 2773 ebrietes,
494 2728 536 2765 aut
549 2726 616 2764 tanta
630 2712 679 2772 sit,
694 2728 722 2765 ut
735 2716 778 2766 tibi
793 2729 867 2768 curas

156 2789 210 2842 810
256 2788 349 2856 Eripiut
359 2802 368 2841 t
379 2787 400 2839 si
411 2803 458 2855 que
471 2787 505 2839 est
517 2788 581 2840 inter
594 2800 738 2856 utramque,
751 2800 837 2841 nocet·
