2034 3709
212 245 288 315 260
339 242 549 312 Ογιυιι
576 243 846 312 ΝΑιοΝιι-

212 359 331 418 Efficite,
349 360 375 410 ὅ(
391 359 463 409 facile
479 361 531 420 est,
548 374 575 411 ut
590 378 635 413 nor
652 361 779 429 credamus
796 358 891 419 amari5

250 433 329 495 Prona
346 432 413 481 venit
428 434 522 520 cupidis
536 434 561 485 in
579 435 619 485 sua
636 447 696 484 vota
709 432 780 485 sides.
864 496 868 501 Ι

96 534 99 539 -
151 506 312 575 όῃιριέιει
327 502 472 555 amabilius
465 522 597 571 juvenem,
615 506 714 591 suspiret
729 508 783 557 ab
777 524 828 557 nno
899 555 905 571 ,

250 579 370 636 Femina
385 590 435 628 tam
449 576 503 631 serd
521 597 563 631 cur
577 581 708 652 venietque
725 592 810 647 roget.

213 652 341 704 Accedant
356 654 486 719 lacrymae,
502 652 575 705 dolor
587 646 614 715 ’ὅς
632 653 668 703 de
677 652 766 721 pellice
782 650 904 717 fidus,-

251 725 283 775 Et
298 725 373 774 laniet
388 724 468 792 digitis
485 726 552 777 illius
566 744 609 779 ora
627 724 683 775 suis.

214 798 357 852 Jamdudurn
373 798 497 863 persuasus
514 800 589 858 erit3.
600 798 748 849 miserabitur
764 800 856 850 ultro:
902 822 907 831 ¹

152 872 205 924 680
251 871 283 921 Et
300 872 384 930 dicet,
404 868 471 921 Curi
488 874 595 957 carpitur
612 860 655 923 ιιιιι
669 874 726 923 mei.

215 943 359 1009 Praecipue,
375 945 396 995 si
411 946 491 995 cultus
505 946 574 1007 erit,
591 945 738 1013 speculoque
752 944 885 1011 placebit3
901 1010 906 1015 ι
1008 956 1009 963 ³

147 1041 150 1045 ·
250 1016 319 1068 Posse
334 1018 377 1067 suo
392 1016 460 1085 tangi
474 1018 561 1069 credet
573 1035 656 1069 amore
673 1018 752 1100 Deas3

215 1090 265 1141 Sed
280 1103 326 1150 te,
339 1107 502 1175 ‘quaecumque
518 1108 562 1151 es,
579 1090 727 1143 moderate
720 1085 809 1159 rnjuria
823 1092 931 1150 turben

251 1164 345 1213 Neu
326 1180 358 1213 srs
375 1163 456 1213 audita
471 1162 561 1231 pellice
579 1165 666 1217 mentis
683 1166 769 1235 inops.

152 1235 186 1287 68
188 1254 205 1304 5
213 1238 268 1287 Nec
286 1234 335 1287 citri
351 1237 503 1289 credideris.
520 1252 633 1306 quantum
650 1228 699 1289 cito
715 1230 819 1289 credere
837 1226 931 1296 laedat,

251 1310 393 1376 Exemplum
409 1310 478 1361 vobis
494 1328 545 1366 non
560 1312 615 1363 lere
631 1300 727 1364 Procris
745 1312 816 1361 erit.-

214 1382 254 1433 Est
268 1400 346 1450 prope
360 1400 497 1449 purpureos
514 1383 590 1436 colles
605 1382 714 1435 florentis
728 1382 864 1453 Hymetti2
904 1421 909 1441 ,

250 1455 315 1506 Fons
331 1456 416 1514 sacer,
435 1457 461 1507 δι
475 1457 546 1509 viridi
562 1454 652 1525 cespite
667 1458 745 1509 mollis
760 1460 861 1507 humus,
965 1499 968 1503 .

214 1528 280 1578 Silva
294 1546 379 1580 nemus
393 1547 443 1579 non
456 1532 504 1581 alta
521 1531 604 1583 facit:
618 1532 680 1599 tegit
695 1533 795 1583 arbutus
811 1532 932 1581 herbam.

153 1600 205 1668 690
250 1602 303 1652 Ros
318 1604 407 1661 maris,
425 1603 543 1663 delanti,
562 1604 677 1673 nigraque
692 1617 807 1673 myrtus,
826 1606 910 1655 olent.

215 1675 270 1725 Nec
288 1676 365 1725 densae
379 1676 443 1726 soliis
459 1678 517 1726 buxi
528 1676 699 1761 fragilesque
716 1678 863 1753 ιιιιιιιιι,Ι
898 1725 913 1759 ‚¹

251 1750 307 1798 Nec
322 1762 410 1799 tenues
427 1750 516 1817 cytisi,
534 1750 689 1825 cultaque
661 1767 735 1841 prnus
751 1750 868 1803 abest.-

207 1822 322 1907 senibus
338 1821 442 1890 impulsae
459 1822 599 1892 Zephyris,
618 1842 722 1891 auraque
740 1816 849 1883 salubri,
863 1850 914 1896 p

213 1897 303 1949 Tot
313 1916 429 1969 generum
440 1897 538 1951 frondes
544 1900 685 1967 herbaque
696 1898 799 1957 summa
810 1884 936 1949 tremunt.

153 1968 187 2035 69
189 1989 205 2036 5
216 1969 294 2021 Grata
308 1973 377 2039 quies
394 1971 531 2039 Cephalo:
546 1973 640 2028 famulis
657 1974 806 2041 canibusque
821 1972 938 2031 relictis,

252 2044 356 2097 Lassus
348 2064 373 2095 m
388 2044 454 2095 hac
446 2048 542 2111 juvenis
559 2046 621 2114 saepe
638 2046 728 2097 resedit
743 2048 831 2095 humo.

216 2118 323 2185 Quoque
337 2134 405 2168 rneos
421 2121 518 2169 releves
531 2120 619 2179 cestus,
637 2132 734 2169 cantare
750 2119 870 2177 solebat,

252 2192 436 2258 Accipienda
417 2209 491 2251 smu,
504 2194 603 2243 mobilis
621 2192 707 2251 Aura,
722 2193 791 2243 veni.

215 2263 333 2333 Coniugis
346 2264 377 2313 ad
394 2264 486 2315 timidas
502 2266 587 2331 aliquis
603 2264 664 2315 male
680 2264 776 2316 sedulus
793 2280 870 2315 aures

154 2349 207 2397 700
253 2330 363 2387 Auditos
373 2338 476 2387 memori
492 2338 580 2389 detulit
596 2352 640 2389 ore
656 2336 739 2387 sonos.

215 2408 312 2459 Procris
328 2423 355 2461 ut
370 2411 465 2475 accepit
478 2428 586 2469 nomen,
603 2411 670 2477 quasi
684 2403 799 2477 pellicis,
813 2408 914 2470 nure,

253 2482 372 2533 Excidit:
391 2484 416 2534 ὅ(
433 2484 510 2535 subito
526 2497 591 2536 muta
610 2484 695 2535 dolore
713 2485 770 2536 suit.

216 2554 320 2613 Palluit,
340 2570 368 2604 ut
383 2556 460 2616 serae,
478 2556 545 2607 leslis
562 2558 593 2607 de
607 2558 660 2623 vite
675 2557 798 2615 racemis,

253 2627 389 2678 Pallescunt
404 2629 523 2689 frondes,
539 2647 596 2696 quas
612 2624 676 2685 nova
691 2631 754 2682 laesit
766 2630 868 2687 hiems·

153 2715 204 2762 705
217 2702 326 2768 Quaeque
342 2701 396 2751 suos
411 2716 513 2753 curvant
528 2716 620 2753 matura
637 2703 741 2771 cydonia
758 2719 849 2754 ramos

254 2774 385 2841 Cornaque
401 2774 479 2823 adbuc
495 2774 579 2827 nostris
597 2792 646 2826 non
662 2775 716 2825 satis
732 2788 788 2842 apta
806 2774 881 2830 cibis

216 2849 252 2899 Ut
267 2849 339 2898 rediit
354 2845 464 2905 animus,
482 2859 569 2899 tenues
586 2866 599 2897 a
617 2841 716 2915 peslore
732 2848 811 2899 velles

252 2920 380 3001 Rupp'it,
390 2920 416 2973 dt
432 2920 542 2995 indiguas
558 2920 647 2977 sauciat
663 2938 744 2995 ungue
760 2937 850 2997 genet·

992 322 1009 387 ⁴

1008 566 1009 645 ι

1008 634 1009 733 ι
