2034 3709
162 219 442 292 Hunorum.
468 225 539 292 ΕΡ.
565 225 665 292 XIX.
706 247 774 298 101

68 340 104 392 Ut
118 338 192 392 semel
208 341 309 392 intravit
323 340 433 392 Colchos
449 341 572 410 Pagasaeus
587 343 677 404 lason,
790 347 838 408 ἧς

103 414 243 480 impositam
259 415 336 465 celeri
352 413 454 466 Phasida
470 433 552 482 puppe
566 417 632 466 tulit.

71 489 103 538 Ut
120 487 194 538 semel
209 487 290 539 ldaeus
306 487 481 539 Lacedremona
497 490 566 540 venit
581 490 694 551 adulter,

103 560 166 610 Cum
183 561 266 626 praeda
284 561 357 612 rediit
374 564 487 627 protinus
502 563 544 612 ille
563 561 614 613 sur.

71 633 124 692 Tu,
135 636 208 700 quim
218 634 280 702 stpe
289 634 353 702 petis
363 636 429 700 quod
438 651 502 686 amas
514 669 522 694 ‚
533 648 584 686 tem
593 636 653 703 sape
664 635 777 705 relinquis
789 654 796 690 z

103 706 133 756 Et
150 702 250 774 quoties
270 725 344 776 grave
361 707 389 758 fit
407 709 526 776 puppibus
542 709 598 769 ire,
618 722 695 760 naras.
791 710 840 763 180

71 779 107 830 Sic
122 791 226 840 tamen,
243 780 259 832 ὃ
274 781 389 848 juvenis,
404 782 549 832 tumidarum
564 782 641 834 vidior
653 785 786 850 uquarum,¹

103 853 143 904 Sic
158 853 239 904 facito
255 854 370 921 spernas,
389 867 418 906 ut
433 871 555 915 vereare,
574 856 672 908 fretum.

72 926 127 978 Arte
143 927 261 978 labomtae
276 927 406 979 vincuntur
422 930 452 978 ab
468 945 567 996 aequore
582 946 695 998 puppes:
773 975 777 979 .

102 999 143 1049 Tu
160 1011 205 1050 tua
222 1003 275 1066 plus
289 1001 362 1052 remis
378 1002 476 1052 brachia
491 1000 558 1068 poti'e
573 1015 643 1070 putes
658 1000 669 1052 i

72 1071 145 1136 Quod
155 1073 238 1140 cupis,
248 1075 296 1124 hoc
306 1087 385 1125 nautae
395 1086 524 1134 metuunt,
535 1075 645 1125 Leandre
654 1109 662 1136 ,
671 1087 753 1126 natare
766 1093 773 1126 :
792 1077 839 1141 185

102 1145 190 1197 Exitus
208 1146 248 1196 hic
264 1147 344 1198 fredis
359 1148 479 1215 puppibus
498 1147 546 1198 eii‘e
562 1147 633 1200 solet.

71 1218 112 1269 Me
122 1218 231 1270 miseram
245 1220 252 1270 i
267 1221 339 1287 cupio
348 1238 398 1273 non
408 1221 553 1288 persuadere
564 1253 572 1280 ,
583 1220 648 1288 quod
658 1221 743 1272 hortor
755 1239 763 1273 t

105 1293 193 1360 Sisque
211 1310 301 1362 precor
317 1293 415 1345 monitis
430 1295 519 1346 fortior
532 1294 582 1362 ipse
598 1295 679 1354 meis3

72 1366 209 1417 Dummodo
224 1367 372 1433 pervenias,
389 1367 533 1434 excussaque
548 1367 610 1434 saepe
626 1384 671 1434 per
685 1369 760 1419 undas

104 1438 202 1505 injicias
217 1441 323 1491 humeris
340 1441 436 1491 brachia
452 1441 507 1491 latia
522 1441 592 1491 meis.
793 1455 842 1506 190

73 1513 117 1563 Sed
132 1513 213 1581 mihi,
232 1515 347 1564 caenrleas
361 1515 457 1580 quoties
473 1516 591 1564 obvertor
606 1515 636 1563 ad
652 1514 747 1574 undas,

103 1586 195 1638 Nescio
212 1604 266 1653 quae
283 1587 396 1653 pavidum
414 1587 504 1654 frigora
521 1586 606 1652 peetus
624 1588 722 1636 habent.

72 1660 122 1710 Nec
136 1661 217 1710 minus
232 1659 348 1711 hesternae
364 1659 499 1710 confundor
516 1660 619 1728 imagine
636 1659 733 1719 nodis,

105 1731 225 1796 Quamvis
242 1732 275 1782 est
291 1732 362 1783 sacris
378 1734 419 1782 illa
435 1733 499 1798 piata
514 1734 583 1783 meis.

72 1806 179 1872 Namque
197 1805 240 1856 sub
253 1804 366 1866 Aurori,
381 1805 429 1873 jam
445 1805 590 1856 dormitante
607 1804 705 1857 luterni
717 1839 729 1863 „
793 1819 841 1868 195

106 1877 227 1943 (Somnia
243 1897 292 1945 quo
308 1878 376 1929 cerni
389 1890 501 1945 tempore
515 1896 573 1929 vera
589 1877 667 1928 soient
678 1878 709 1944 ,)

72 1952 175 2005 Stamina
193 1953 223 2002 de
241 1952 321 2019 digitis
337 1952 451 2004 cecidere
467 1952 555 2018 sopore
572 1951 697 2008 remissis,

21 2060 22 2083 ,
86 2025 228 2093 -Collaque
245 2026 344 2092 pulvino
360 2025 438 2077 nostra
454 2025 556 2076 ferenda
569 2024 634 2074 dedi.

72 2099 118 2151 Hic
133 2117 183 2168 ego
199 2099 314 2151 ventosas
327 2112 426 2150 nantem
442 2099 556 2164 delphina
571 2114 617 2163 per
633 2095 707 2146 undas

106 2172 217 2223 Cernere
234 2189 284 2222 non
301 2172 371 2222 dubia
386 2173 435 2223 sum
451 2172 508 2222 mihi
522 2170 570 2221 visa
585 2169 645 2220 fide:
790 2183 843 2220 200

21 2294 22 2297 ,
72 2245 169 2310 Quem,
181 2243 309 2312 postquam
324 2245 411 2311 bibulis
427 2246 495 2295 illisit
508 2243 594 2294 studius
609 2241 708 2302 arenis,

21 2314 22 2335 ¹
105 2319 177 2369 Unda
194 2319 267 2369 simul
280 2318 394 2368 miserum
407 2319 505 2385 vitaque
523 2316 636 2367 deseruit.

21 2418 22 2429 π
72 2389 191 2458 Quicquid
206 2391 298 2450 idest,
319 2392 393 2442 timeo
407 2408 415 2443 r
430 2408 476 2441 nec
492 2402 519 2440 tu
535 2406 588 2440 mea
597 2388 691 2460 ¹somnia
707 2389 758 2440 ride
769 2405 789 2460 ,ἡ

105 2465 158 2516 Nec
174 2464 220 2516 nisi
234 2464 365 2530 tranquillo
381 2465 478 2514 brachia
495 2463 569 2514 stede
584 2464 653 2516 mari.
705 2529 707 2534 y

71 2539 96 2589 Si
107 2537 151 2588 tibi
166 2555 217 2588 non
234 2538 332 2605 parcis,
351 2537 444 2588 diletiae
459 2553 533 2602 parce
549 2539 656 2606 puellae:
789 2549 839 2598 205

21 2646 22 2649 =
105 2609 165 2674 Quae
181 2628 332 2678 numquam,
352 2611 397 2662 nisi
415 2615 442 2661 te'
459 2610 566 2676 sospite,
583 2610 661 2675 sospes
676 2609 733 2662 erit.

72 2685 128 2754 Spes
143 2697 224 2735 tamen
239 2683 273 2735 est
292 2683 370 2735 fraffis
385 2682 471 2734 vicinae
487 2683 554 2750 pacis
570 2682 595 2732 in
613 2683 692 2736 undis·

21 2758 22 2765 ’
104 2757 165 2806 Tum
179 2757 290 2826 placidas
306 2769 362 2808 tuto
378 2757 476 2822 pedore
490 2755 555 2806 finde
571 2757 632 2808 vias.

72 2830 179 2890 Interea,
199 2833 268 2882 nanti
284 2831 396 2897 quoniam
411 2831 475 2880 freta
488 2829 571 2895 peruia
585 2847 635 2882 non
648 2829 723 2887 sunt,

21 2936 22 2977 1
103 2903 185 2958 Leniat
199 2904 292 2984 invitas
307 2902 379 2959 litera
394 2903 459 2956 mitia
474 2919 564 2959 moras.
673 2953 752 3024 E·²·'
790 2913 841 2951 210

21 2992 22 3003 ²
708 2989 733 3040 ιη
