<?xml version="1.0" encoding="UTF-8"?>
<!DOCTYPE html PUBLIC "-//W3C//DTD XHTML 1.0 Transitional//EN"
    "http://www.w3.org/TR/xhtml1/DTD/xhtml1-transitional.dtd">
<html xmlns="http://www.w3.org/1999/xhtml" xml:lang="en" lang="en">
 <head>
  <title>
</title>
<meta http-equiv="Content-Type" content="text/html;charset=utf-8" />
  <meta name='ocr-system' content='tesseract 3.04.00' />
  <meta name='ocr-capabilities' content='ocr_page ocr_carea ocr_par ocr_line ocrx_word'/>
</head>
<body>
  <div class='ocr_page' id='page_1' title='image "./povidiinasoniso07ovidgoog_0204.png"; bbox 0 0 2034 3709; ppageno 0'>
   <div class='ocr_carea' id='block_1_1' title="bbox 180 200 793 285">
    <p class='ocr_par' dir='ltr' id='par_1_1' title="bbox 180 200 793 285">
     <span class='ocr_line' id='line_1_1' title="bbox 180 200 793 285; baseline -0.003 0"><span class='ocrx_word' id='word_1_1' title='bbox 180 212 252 285; x_wconf 83' lang='lat'>180</span> <span class='ocrx_word' id='word_1_2' title='bbox 304 211 515 283; x_wconf 77' lang='lat' dir='ltr'>Omrr</span> <span class='ocrx_word' id='word_1_3' title='bbox 540 200 793 283; x_wconf 76' lang='lat' dir='ltr'>Ausonum</span> 
     </span>
    </p>
   </div>
   <div class='ocr_carea' id='block_1_2' title="bbox 133 331 899 693">
    <p class='ocr_par' dir='ltr' id='par_1_2' title="bbox 133 331 899 693">
     <span class='ocr_line' id='line_1_2' title="bbox 178 331 898 399; baseline 0.001 -17"><span class='ocrx_word' id='word_1_4' title='bbox 178 335 244 399; x_wconf 88' lang='lat' dir='ltr'>Quid</span> <span class='ocrx_word' id='word_1_5' title='bbox 259 332 362 385; x_wconf 85' lang='lat' dir='ltr'>referam</span> <span class='ocrx_word' id='word_1_6' title='bbox 379 332 497 399; x_wconf 82' lang='lat' dir='ltr'>Asopon,</span> <span class='ocrx_word' id='word_1_7' title='bbox 515 348 587 399; x_wconf 89' lang='lat' dir='ltr'>quem</span> <span class='ocrx_word' id='word_1_8' title='bbox 604 331 670 397; x_wconf 83' lang='lat' dir='ltr'>cepit</span> <span class='ocrx_word' id='word_1_9' title='bbox 679 332 769 383; x_wconf 84' lang='lat' dir='ltr'>Martia</span> <span class='ocrx_word' id='word_1_10' title='bbox 780 333 898 392; x_wconf 76' lang='lat' dir='ltr'>&#39;l&#39;bcbe,¹</span> 
     </span>
     <span class='ocr_line' id='line_1_3' title="bbox 213 405 779 473; baseline 0 -16"><span class='ocrx_word' id='word_1_11' title='bbox 213 408 329 457; x_wconf 84' lang='lat' dir='ltr'>Natarum</span> <span class='ocrx_word' id='word_1_12' title='bbox 344 406 431 456; x_wconf 88' lang='lat' dir='ltr'>Thebe</span> <span class='ocrx_word' id='word_1_13' title='bbox 449 406 555 473; x_wconf 82' lang='lat' dir='ltr'>quinque</span> <span class='ocrx_word' id='word_1_14' title='bbox 571 405 652 456; x_wconf 82' lang='lat' dir='ltr'>sutura</span> <span class='ocrx_word' id='word_1_15' title='bbox 668 405 779 472; x_wconf 75' lang='lat' dir='ltr'>parens?</span> 
     </span>
     <span class='ocr_line' id='line_1_4' title="bbox 133 478 899 547; baseline -0.003 -16"><span class='ocrx_word' id='word_1_16' title='bbox 133 494 164 547; x_wconf 80' lang='lat'>35</span> <span class='ocrx_word' id='word_1_17' title='bbox 178 480 275 531; x_wconf 85' lang='lat' dir='ltr'>Cornua</span> <span class='ocrx_word' id='word_1_18' title='bbox 290 480 310 529; x_wconf 90' lang='lat' dir='ltr'>si</span> <span class='ocrx_word' id='word_1_19' title='bbox 326 492 368 531; x_wconf 86' lang='lat' dir='ltr'>tua</span> <span class='ocrx_word' id='word_1_20' title='bbox 383 495 447 530; x_wconf 89' lang='lat' dir='ltr'>nunc</span> <span class='ocrx_word' id='word_1_21' title='bbox 462 479 502 529; x_wconf 89' lang='lat' dir='ltr'>ubi</span> <span class='ocrx_word' id='word_1_22' title='bbox 516 479 585 537; x_wconf 78' lang='lat' dir='ltr'>sint,</span> <span class='ocrx_word' id='word_1_23' title='bbox 600 478 730 539; x_wconf 60' lang='lat' dir='ltr'>Acheloe,</span> <span class='ocrx_word' id='word_1_24' title='bbox 747 478 899 546; x_wconf 68' lang='lat' dir='ltr'>requiramus</span> 
     </span>
     <span class='ocr_line' id='line_1_5' title="bbox 214 552 736 619; baseline 0 -16"><span class='ocrx_word' id='word_1_25' title='bbox 214 553 328 603; x_wconf 86' lang='lat' dir='ltr'>Herculis</span> <span class='ocrx_word' id='word_1_26' title='bbox 345 553 405 603; x_wconf 76' lang='lat' dir='ltr'>irati</span> <span class='ocrx_word' id='word_1_27' title='bbox 421 552 493 603; x_wconf 75' lang='lat' dir='ltr'>fratta</span> <span class='ocrx_word' id='word_1_28' title='bbox 512 552 614 619; x_wconf 65' lang='lat' dir='ltr'>querere</span> <span class='ocrx_word' id='word_1_29' title='bbox 633 570 713 604; x_wconf 85' lang='lat' dir='ltr'>manu.</span> <span class='ocrx_word' id='word_1_30' title='bbox 732 587 736 593; x_wconf 30' lang='lat' dir='ltr'>x</span> 
     </span>
     <span class='ocr_line' id='line_1_6' title="bbox 176 622 800 693; baseline 0.002 -18"><span class='ocrx_word' id='word_1_31' title='bbox 176 627 231 676; x_wconf 91' lang='lat' dir='ltr'>Nec</span> <span class='ocrx_word' id='word_1_32' title='bbox 246 628 307 677; x_wconf 89' lang='lat' dir='ltr'>tanti</span> <span class='ocrx_word' id='word_1_33' title='bbox 324 626 435 693; x_wconf 86' lang='lat' dir='ltr'>Calydon</span> <span class='ocrx_word' id='word_1_34' title='bbox 448 659 455 683; x_wconf 87' lang='lat'>‚</span> <span class='ocrx_word' id='word_1_35' title='bbox 474 642 521 675; x_wconf 88' lang='lat' dir='ltr'>nec</span> <span class='ocrx_word' id='word_1_36' title='bbox 536 636 590 675; x_wconf 88' lang='lat' dir='ltr'>tota</span> <span class='ocrx_word' id='word_1_37' title='bbox 604 622 698 675; x_wconf 85' lang='lat' dir='ltr'>AEtolia</span> <span class='ocrx_word' id='word_1_38' title='bbox 712 625 800 685; x_wconf 82' lang='lat' dir='ltr'>tanti;</span> 
     </span>
    </p>
   </div>
   <div class='ocr_carea' id='block_1_3' title="bbox 131 698 899 2302">
    <p class='ocr_par' dir='ltr' id='par_1_3' title="bbox 131 698 899 2302">
     <span class='ocr_line' id='line_1_7' title="bbox 213 698 652 749; baseline 0.002 -1"><span class='ocrx_word' id='word_1_39' title='bbox 213 699 268 749; x_wconf 88' lang='lat' dir='ltr'>Una</span> <span class='ocrx_word' id='word_1_40' title='bbox 283 712 366 749; x_wconf 89' lang='lat' dir='ltr'>tamen</span> <span class='ocrx_word' id='word_1_41' title='bbox 384 699 445 749; x_wconf 87' lang='lat' dir='ltr'>tanti</span> <span class='ocrx_word' id='word_1_42' title='bbox 462 698 580 749; x_wconf 82' lang='lat' dir='ltr'>Deianira</span> <span class='ocrx_word' id='word_1_43' title='bbox 596 698 652 749; x_wconf 83' lang='lat' dir='ltr'>fuit.</span> 
     </span>
     <span class='ocr_line' id='line_1_8' title="bbox 178 771 753 838; baseline -0.002 -14"><span class='ocrx_word' id='word_1_44' title='bbox 178 774 222 825; x_wconf 88' lang='lat' dir='ltr'>llle</span> <span class='ocrx_word' id='word_1_45' title='bbox 237 772 314 823; x_wconf 86' lang='lat' dir='ltr'>fluens</span> <span class='ocrx_word' id='word_1_46' title='bbox 331 773 399 823; x_wconf 90' lang='lat' dir='ltr'>dives</span> <span class='ocrx_word' id='word_1_47' title='bbox 412 772 518 838; x_wconf 68' lang='lat' dir='ltr'>septena,</span> <span class='ocrx_word' id='word_1_48' title='bbox 527 789 571 837; x_wconf 85' lang='lat' dir='ltr'>per</span> <span class='ocrx_word' id='word_1_49' title='bbox 587 771 645 822; x_wconf 81' lang='lat' dir='ltr'>ollia</span> <span class='ocrx_word' id='word_1_50' title='bbox 659 771 729 824; x_wconf 89' lang='lat' dir='ltr'>Nilus</span> <span class='ocrx_word' id='word_1_51' title='bbox 740 806 753 832; x_wconf 74' lang='lat'>,</span> 
     </span>
     <span class='ocr_line' id='line_1_9' title="bbox 133 844 801 916; baseline -0.001 -20"><span class='ocrx_word' id='word_1_52' title='bbox 133 862 167 908; x_wconf 82' lang='lat'>40</span> <span class='ocrx_word' id='word_1_53' title='bbox 214 844 265 916; x_wconf 91' lang='lat' dir='ltr'>Qui</span> <span class='ocrx_word' id='word_1_54' title='bbox 280 845 379 911; x_wconf 87' lang='lat' dir='ltr'>patriam</span> <span class='ocrx_word' id='word_1_55' title='bbox 396 857 470 895; x_wconf 83' lang='lat' dir='ltr'>tantae</span> <span class='ocrx_word' id='word_1_56' title='bbox 486 856 536 895; x_wconf 84' lang='lat' dir='ltr'>tam</span> <span class='ocrx_word' id='word_1_57' title='bbox 551 847 614 895; x_wconf 89' lang='lat' dir='ltr'>bene</span> <span class='ocrx_word' id='word_1_58' title='bbox 628 847 692 895; x_wconf 86' lang='lat' dir='ltr'>celat</span> <span class='ocrx_word' id='word_1_59' title='bbox 706 862 775 912; x_wconf 77' lang='lat' dir='ltr'>aquae</span> <span class='ocrx_word' id='word_1_60' title='bbox 786 878 801 905; x_wconf 74' lang='grc'><em>,</em></span> 
     </span>
     <span class='ocr_line' id='line_1_10' title="bbox 178 918 818 983; baseline -0.002 -13"><span class='ocrx_word' id='word_1_61' title='bbox 178 920 264 971; x_wconf 84' lang='lat' dir='ltr'>Fertur</span> <span class='ocrx_word' id='word_1_62' title='bbox 277 920 303 968; x_wconf 85' lang='lat' dir='ltr'>in</span> <span class='ocrx_word' id='word_1_63' title='bbox 317 918 416 969; x_wconf 86' lang='lat' dir='ltr'>Evadne</span> <span class='ocrx_word' id='word_1_64' title='bbox 432 918 559 968; x_wconf 58' lang='lat' dir='ltr'>tollebam</span> <span class='ocrx_word' id='word_1_65' title='bbox 574 918 681 983; x_wconf 80' lang='lat' dir='ltr'>Asopide</span> <span class='ocrx_word' id='word_1_66' title='bbox 697 918 818 969; x_wconf 76' lang='lat' dir='ltr'>flammans</span> 
     </span>
     <span class='ocr_line' id='line_1_11' title="bbox 214 990 736 1059; baseline -0.006 -16"><span class='ocrx_word' id='word_1_67' title='bbox 214 992 322 1045; x_wconf 85' lang='lat' dir='ltr'>Vincere</span> <span class='ocrx_word' id='word_1_68' title='bbox 340 991 474 1059; x_wconf 79' lang='lat' dir='ltr'>gurgitibus</span> <span class='ocrx_word' id='word_1_69' title='bbox 494 1007 544 1041; x_wconf 91' lang='lat' dir='ltr'>non</span> <span class='ocrx_word' id='word_1_70' title='bbox 561 990 663 1057; x_wconf 83' lang='lat' dir='ltr'>potuill&#39;e</span> <span class='ocrx_word' id='word_1_71' title='bbox 679 991 736 1041; x_wconf 83' lang='lat' dir='ltr'>luis.</span> 
     </span>
     <span class='ocr_line' id='line_1_12' title="bbox 177 1063 815 1131; baseline -0.003 -14"><span class='ocrx_word' id='word_1_72' title='bbox 177 1066 261 1117; x_wconf 78' lang='lat' dir='ltr'>Siccus</span> <span class='ocrx_word' id='word_1_73' title='bbox 278 1076 305 1115; x_wconf 85' lang='lat' dir='ltr'>ut</span> <span class='ocrx_word' id='word_1_74' title='bbox 320 1064 429 1131; x_wconf 76' lang='lat' dir='ltr'>ampledii</span> <span class='ocrx_word' id='word_1_75' title='bbox 444 1064 581 1115; x_wconf 81' lang='lat' dir='ltr'>Salmonida</span> <span class='ocrx_word' id='word_1_76' title='bbox 595 1063 673 1131; x_wconf 74' lang='lat' dir='ltr'>pollet</span> <span class='ocrx_word' id='word_1_77' title='bbox 686 1064 815 1131; x_wconf 82' lang='lat' dir='ltr'>Enipeus,</span> 
     </span>
     <span class='ocr_line' id='line_1_13' title="bbox 214 1136 798 1205; baseline -0.002 -18"><span class='ocrx_word' id='word_1_78' title='bbox 214 1138 310 1189; x_wconf 81' lang='lat' dir='ltr'>Cedere</span> <span class='ocrx_word' id='word_1_79' title='bbox 328 1136 399 1204; x_wconf 88' lang='lat' dir='ltr'>jussit</span> <span class='ocrx_word' id='word_1_80' title='bbox 413 1154 498 1205; x_wconf 87' lang='lat' dir='ltr'>aquam</span> <span class='ocrx_word' id='word_1_81' title='bbox 514 1154 521 1187; x_wconf 79' lang='lat' dir='ltr'>z</span> <span class='ocrx_word' id='word_1_82' title='bbox 537 1136 594 1203; x_wconf 71' lang='lat' dir='ltr'>jussa</span> <span class='ocrx_word' id='word_1_83' title='bbox 608 1137 711 1189; x_wconf 76' lang='lat' dir='ltr'>recessit</span> <span class='ocrx_word' id='word_1_84' title='bbox 723 1154 798 1203; x_wconf 86' lang='lat' dir='ltr'>aqua.</span> 
     </span>
     <span class='ocr_line' id='line_1_14' title="bbox 131 1210 874 1278; baseline 0.001 -17"><span class='ocrx_word' id='word_1_85' title='bbox 131 1226 165 1275; x_wconf 81' lang='lat'>45</span> <span class='ocrx_word' id='word_1_86' title='bbox 178 1210 233 1261; x_wconf 89' lang='lat' dir='ltr'>Nec</span> <span class='ocrx_word' id='word_1_87' title='bbox 248 1223 275 1263; x_wconf 89' lang='lat' dir='ltr'>te</span> <span class='ocrx_word' id='word_1_88' title='bbox 292 1224 430 1278; x_wconf 82' lang='lat' dir='ltr'>praetereo,</span> <span class='ocrx_word' id='word_1_89' title='bbox 449 1210 510 1277; x_wconf 84' lang='lat' dir='ltr'>qui,</span> <span class='ocrx_word' id='word_1_90' title='bbox 528 1227 571 1276; x_wconf 87' lang='lat' dir='ltr'>per</span> <span class='ocrx_word' id='word_1_91' title='bbox 588 1228 645 1261; x_wconf 78' lang='lat' dir='ltr'>cara</span> <span class='ocrx_word' id='word_1_92' title='bbox 662 1210 716 1260; x_wconf 81' lang='lat' dir='ltr'>saxa</span> <span class='ocrx_word' id='word_1_93' title='bbox 731 1212 848 1262; x_wconf 82' lang='lat' dir='ltr'>volutans</span> <span class='ocrx_word' id='word_1_94' title='bbox 858 1242 874 1271; x_wconf 67' lang='lat'>,</span> 
     </span>
     <span class='ocr_line' id='line_1_15' title="bbox 214 1283 689 1352; baseline -0.002 -17"><span class='ocrx_word' id='word_1_95' title='bbox 214 1285 311 1335; x_wconf 82' lang='lat' dir='ltr'>Tiburis</span> <span class='ocrx_word' id='word_1_96' title='bbox 327 1284 402 1352; x_wconf 74' lang='lat' dir='ltr'>Argei</span> <span class='ocrx_word' id='word_1_97' title='bbox 419 1283 533 1351; x_wconf 81' lang='lat' dir='ltr'>spumifer</span> <span class='ocrx_word' id='word_1_98' title='bbox 545 1301 601 1333; x_wconf 83' lang='lat' dir='ltr'>arva</span> <span class='ocrx_word' id='word_1_99' title='bbox 616 1284 689 1351; x_wconf 85' lang='lat' dir='ltr'>rigas.</span> 
     </span>
     <span class='ocr_line' id='line_1_16' title="bbox 176 1357 815 1424; baseline 0 -17"><span class='ocrx_word' id='word_1_100' title='bbox 176 1358 220 1407; x_wconf 90' lang='lat' dir='ltr'>Ilia</span> <span class='ocrx_word' id='word_1_101' title='bbox 238 1357 277 1409; x_wconf 85' lang='lat' dir='ltr'>cui</span> <span class='ocrx_word' id='word_1_102' title='bbox 293 1358 403 1423; x_wconf 84' lang='lat' dir='ltr'>placuit,</span> <span class='ocrx_word' id='word_1_103' title='bbox 420 1357 529 1424; x_wconf 78' lang='lat' dir='ltr'>quamvis</span> <span class='ocrx_word' id='word_1_104' title='bbox 544 1370 597 1407; x_wconf 88' lang='lat' dir='ltr'>erat</span> <span class='ocrx_word' id='word_1_105' title='bbox 612 1357 711 1411; x_wconf 83' lang='lat' dir='ltr'>horrida</span> <span class='ocrx_word' id='word_1_106' title='bbox 726 1358 815 1417; x_wconf 86' lang='lat' dir='ltr'>cultu,</span> 
     </span>
     <span class='ocr_line' id='line_1_17' title="bbox 213 1430 824 1499; baseline -0.002 -19"><span class='ocrx_word' id='word_1_107' title='bbox 213 1430 301 1497; x_wconf 83' lang='lat' dir='ltr'>Ungue</span> <span class='ocrx_word' id='word_1_108' title='bbox 319 1443 403 1480; x_wconf 86' lang='lat' dir='ltr'>notata</span> <span class='ocrx_word' id='word_1_109' title='bbox 420 1447 521 1489; x_wconf 87' lang='lat' dir='ltr'>comas,</span> <span class='ocrx_word' id='word_1_110' title='bbox 538 1447 620 1498; x_wconf 85' lang='lat' dir='ltr'>ungue</span> <span class='ocrx_word' id='word_1_111' title='bbox 636 1442 721 1480; x_wconf 84' lang='lat' dir='ltr'>notata</span> <span class='ocrx_word' id='word_1_112' title='bbox 737 1448 824 1499; x_wconf 67' lang='lat' dir='ltr'>genas.</span> 
     </span>
     <span class='ocr_line' id='line_1_18' title="bbox 176 1502 895 1571; baseline 0 -18"><span class='ocrx_word' id='word_1_113' title='bbox 176 1504 239 1561; x_wconf 84' lang='lat' dir='ltr'>Illa,</span> <span class='ocrx_word' id='word_1_114' title='bbox 260 1520 358 1571; x_wconf 84' lang='lat' dir='ltr'>gemens</span> <span class='ocrx_word' id='word_1_115' title='bbox 374 1504 501 1571; x_wconf 85' lang='lat' dir='ltr'>patruique</span> <span class='ocrx_word' id='word_1_116' title='bbox 519 1504 606 1563; x_wconf 82' lang='lat' dir='ltr'>nefas,</span> <span class='ocrx_word' id='word_1_117' title='bbox 627 1503 761 1571; x_wconf 66' lang='lat' dir='ltr'>desidiaque</span> <span class='ocrx_word' id='word_1_118' title='bbox 777 1502 895 1564; x_wconf 72' lang='lat' dir='ltr'>Martis,</span> 
     </span>
     <span class='ocr_line' id='line_1_19' title="bbox 135 1576 682 1643; baseline 0.002 -19"><span class='ocrx_word' id='word_1_119' title='bbox 135 1589 167 1636; x_wconf 85' lang='lat'>50</span> <span class='ocrx_word' id='word_1_120' title='bbox 213 1576 314 1629; x_wconf 76' lang='lat' dir='ltr'>Errabat</span> <span class='ocrx_word' id='word_1_121' title='bbox 330 1576 397 1627; x_wconf 86' lang='lat' dir='ltr'>nudo</span> <span class='ocrx_word' id='word_1_122' title='bbox 413 1594 457 1643; x_wconf 91' lang='lat' dir='ltr'>per</span> <span class='ocrx_word' id='word_1_123' title='bbox 473 1577 528 1627; x_wconf 85' lang='lat' dir='ltr'>loca</span> <span class='ocrx_word' id='word_1_124' title='bbox 545 1577 593 1627; x_wconf 89' lang='lat' dir='ltr'>sola</span> <span class='ocrx_word' id='word_1_125' title='bbox 609 1577 682 1643; x_wconf 87' lang='lat' dir='ltr'>pede.</span> 
     </span>
     <span class='ocr_line' id='line_1_20' title="bbox 176 1649 806 1715; baseline 0.003 -14"><span class='ocrx_word' id='word_1_126' title='bbox 176 1650 248 1701; x_wconf 87' lang='lat' dir='ltr'>Hanc</span> <span class='ocrx_word' id='word_1_127' title='bbox 264 1650 339 1701; x_wconf 85' lang='lat' dir='ltr'>amnis</span> <span class='ocrx_word' id='word_1_128' title='bbox 354 1650 443 1715; x_wconf 82' lang='lat' dir='ltr'>rapidis</span> <span class='ocrx_word' id='word_1_129' title='bbox 461 1649 581 1701; x_wconf 86' lang='lat' dir='ltr'>animosus</span> <span class='ocrx_word' id='word_1_130' title='bbox 598 1651 658 1714; x_wconf 79' lang='lat' dir='ltr'>vidit</span> <span class='ocrx_word' id='word_1_131' title='bbox 671 1650 702 1700; x_wconf 89' lang='lat' dir='ltr'>ab</span> <span class='ocrx_word' id='word_1_132' title='bbox 716 1649 806 1710; x_wconf 81' lang='lat' dir='ltr'>undis,</span> 
     </span>
     <span class='ocr_line' id='line_1_21' title="bbox 213 1723 759 1789; baseline 0.002 -15"><span class='ocrx_word' id='word_1_133' title='bbox 213 1724 343 1789; x_wconf 83' lang='lat' dir='ltr'>Raucaque</span> <span class='ocrx_word' id='word_1_134' title='bbox 360 1724 391 1773; x_wconf 87' lang='lat' dir='ltr'>de</span> <span class='ocrx_word' id='word_1_135' title='bbox 408 1723 492 1775; x_wconf 78' lang='lat' dir='ltr'>mediis</span> <span class='ocrx_word' id='word_1_136' title='bbox 510 1723 599 1773; x_wconf 82' lang='lat' dir='ltr'>sustulit</span> <span class='ocrx_word' id='word_1_137' title='bbox 615 1740 657 1773; x_wconf 89' lang='lat' dir='ltr'>ora</span> <span class='ocrx_word' id='word_1_138' title='bbox 672 1724 759 1775; x_wconf 83' lang='lat' dir='ltr'>vadis:</span> 
     </span>
     <span class='ocr_line' id='line_1_22' title="bbox 176 1794 895 1864; baseline 0.001 -17"><span class='ocrx_word' id='word_1_139' title='bbox 176 1797 257 1863; x_wconf 81' lang='lat' dir='ltr'>Atque</span> <span class='ocrx_word' id='word_1_140' title='bbox 269 1796 301 1847; x_wconf 84' lang='lat' dir='ltr'>ita</span> <span class='ocrx_word' id='word_1_141' title='bbox 313 1830 320 1855; x_wconf 92' lang='lat'>,</span> <span class='ocrx_word' id='word_1_142' title='bbox 339 1795 406 1859; x_wconf 87' lang='lat' dir='ltr'>Quid</span> <span class='ocrx_word' id='word_1_143' title='bbox 417 1794 529 1853; x_wconf 80' lang='lat' dir='ltr'>nostras,</span> <span class='ocrx_word' id='word_1_144' title='bbox 543 1796 639 1862; x_wconf 81' lang='lat' dir='ltr'>inquit,</span> <span class='ocrx_word' id='word_1_145' title='bbox 654 1795 798 1847; x_wconf 80' lang='lat' dir='ltr'>terisanxia</span> <span class='ocrx_word' id='word_1_146' title='bbox 808 1794 895 1864; x_wconf 67' lang='lat' dir='ltr'>ripas,</span> 
     </span>
     <span class='ocr_line' id='line_1_23' title="bbox 211 1868 688 1937; baseline -0.004 -16"><span class='ocrx_word' id='word_1_147' title='bbox 211 1870 257 1921; x_wconf 90' lang='lat' dir='ltr'>llia</span> <span class='ocrx_word' id='word_1_148' title='bbox 273 1870 302 1919; x_wconf 84' lang='lat' dir='ltr'>ab</span> <span class='ocrx_word' id='word_1_149' title='bbox 319 1869 386 1919; x_wconf 82' lang='lat' dir='ltr'>ldaeo</span> <span class='ocrx_word' id='word_1_150' title='bbox 403 1869 571 1919; x_wconf 83' lang='lat' dir='ltr'>Laomedonte</span> <span class='ocrx_word' id='word_1_151' title='bbox 588 1868 688 1937; x_wconf 72' lang='lat' dir='ltr'>genus?</span> 
     </span>
     <span class='ocr_line' id='line_1_24' title="bbox 133 1940 778 2009; baseline -0.002 -16"><span class='ocrx_word' id='word_1_152' title='bbox 133 1955 165 2004; x_wconf 83' lang='lat'>55</span> <span class='ocrx_word' id='word_1_153' title='bbox 175 1942 236 2009; x_wconf 82' lang='lat' dir='ltr'>Qud</span> <span class='ocrx_word' id='word_1_154' title='bbox 248 1946 333 1995; x_wconf 67' lang='lat' dir='ltr'>xcultus</span> <span class='ocrx_word' id='word_1_155' title='bbox 351 1943 431 1993; x_wconf 87' lang='lat' dir='ltr'>abiere</span> <span class='ocrx_word' id='word_1_156' title='bbox 446 1940 504 1993; x_wconf 87' lang='lat' dir='ltr'>tui?</span> <span class='ocrx_word' id='word_1_157' title='bbox 523 1942 579 2008; x_wconf 92' lang='lat' dir='ltr'>quid</span> <span class='ocrx_word' id='word_1_158' title='bbox 594 1943 644 1992; x_wconf 83' lang='lat' dir='ltr'>sola</span> <span class='ocrx_word' id='word_1_159' title='bbox 657 1942 778 2009; x_wconf 80' lang='lat' dir='ltr'>vagaris?</span> 
     </span>
     <span class='ocr_line' id='line_1_25' title="bbox 202 2014 771 2081; baseline -0.007 -12"><span class='ocrx_word' id='word_1_160' title='bbox 202 2018 282 2069; x_wconf 75' lang='lat' dir='ltr'>&#39;vitra</span> <span class='ocrx_word' id='word_1_161' title='bbox 297 2034 345 2069; x_wconf 80' lang='lat' dir='ltr'>nec</span> <span class='ocrx_word' id='word_1_162' title='bbox 359 2016 466 2069; x_wconf 73' lang='lat' dir='ltr'>evint‘las</span> <span class='ocrx_word' id='word_1_163' title='bbox 480 2015 581 2081; x_wconf 89' lang='lat' dir='ltr'>impedit</span> <span class='ocrx_word' id='word_1_164' title='bbox 596 2018 649 2065; x_wconf 85' lang='lat' dir='ltr'>alba</span> <span class='ocrx_word' id='word_1_165' title='bbox 665 2014 771 2066; x_wconf 83' lang='lat' dir='ltr'>comas?</span> 
     </span>
     <span class='ocr_line' id='line_1_26' title="bbox 176 2086 899 2155; baseline -0.003 -14"><span class='ocrx_word' id='word_1_166' title='bbox 176 2088 242 2155; x_wconf 86' lang='lat' dir='ltr'>Quid</span> <span class='ocrx_word' id='word_1_167' title='bbox 255 2091 317 2149; x_wconf 88' lang='lat' dir='ltr'>fles,</span> <span class='ocrx_word' id='word_1_168' title='bbox 333 2092 360 2143; x_wconf 88' lang='lat'>&amp;</span> <span class='ocrx_word' id='word_1_169' title='bbox 374 2090 482 2141; x_wconf 89' lang='lat' dir='ltr'>madidos</span> <span class='ocrx_word' id='word_1_170' title='bbox 496 2089 608 2155; x_wconf 85' lang='lat' dir='ltr'>lacrymis</span> <span class='ocrx_word' id='word_1_171' title='bbox 623 2089 757 2155; x_wconf 79' lang='lat' dir='ltr'>corrumpis</span> <span class='ocrx_word' id='word_1_172' title='bbox 773 2086 899 2140; x_wconf 71' lang='lat' dir='ltr'>ocellos?-</span> 
     </span>
     <span class='ocr_line' id='line_1_27' title="bbox 212 2159 772 2229; baseline -0.004 -17"><span class='ocrx_word' id='word_1_173' title='bbox 212 2162 361 2229; x_wconf 75' lang='lat' dir='ltr'>Pedorsque</span> <span class='ocrx_word' id='word_1_174' title='bbox 377 2162 457 2214; x_wconf 75' lang='lat' dir='ltr'>insani</span> <span class='ocrx_word' id='word_1_175' title='bbox 470 2163 563 2229; x_wconf 82' lang='lat' dir='ltr'>plangis</span> <span class='ocrx_word' id='word_1_176' title='bbox 577 2175 661 2227; x_wconf 87' lang='lat' dir='ltr'>aperta</span> <span class='ocrx_word' id='word_1_177' title='bbox 677 2159 772 2211; x_wconf 72' lang='lat' dir='ltr'>manui</span> 
     </span>
     <span class='ocr_line' id='line_1_28' title="bbox 174 2234 891 2302; baseline -0.003 -15"><span class='ocrx_word' id='word_1_178' title='bbox 174 2237 220 2287; x_wconf 90' lang='lat' dir='ltr'>llle</span> <span class='ocrx_word' id='word_1_179' title='bbox 235 2237 309 2291; x_wconf 67' lang='lat' dir='ltr'>habet</span> <span class='ocrx_word' id='word_1_180' title='bbox 325 2237 351 2287; x_wconf 78' lang='grc' dir='ltr'>δι</span> <span class='ocrx_word' id='word_1_181' title='bbox 367 2238 467 2294; x_wconf 84' lang='lat' dir='ltr'>silices.</span> <span class='ocrx_word' id='word_1_182' title='bbox 484 2237 510 2289; x_wconf 79' lang='lat' dir='ltr'>bt</span> <span class='ocrx_word' id='word_1_183' title='bbox 526 2236 607 2286; x_wconf 86' lang='lat' dir='ltr'>vivum</span> <span class='ocrx_word' id='word_1_184' title='bbox 622 2235 647 2285; x_wconf 87' lang='lat' dir='ltr'>in</span> <span class='ocrx_word' id='word_1_185' title='bbox 661 2236 760 2302; x_wconf 72' lang='lat' dir='ltr'>pedore</span> <span class='ocrx_word' id='word_1_186' title='bbox 778 2234 891 2297; x_wconf 85' lang='lat' dir='ltr'>ferrum,</span> 
     </span>
    </p>
   </div>
   <div class='ocr_carea' id='block_1_4' title="bbox 41 2307 795 2378">
    <p class='ocr_par' dir='ltr' id='par_1_4' title="bbox 41 2307 795 2378">
     <span class='ocr_line' id='line_1_29' title="bbox 41 2307 795 2378; baseline -0.003 -19"><span class='ocrx_word' id='word_1_187' title='bbox 41 2344 49 2353; x_wconf 83' lang='lat'>-</span> <span class='ocrx_word' id='word_1_188' title='bbox 128 2307 165 2359; x_wconf 77' lang='lat' dir='ltr'>bo</span> <span class='ocrx_word' id='word_1_189' title='bbox 212 2308 262 2373; x_wconf 90' lang='lat' dir='ltr'>Qui</span> <span class='ocrx_word' id='word_1_190' title='bbox 281 2322 368 2363; x_wconf 88' lang='lat' dir='ltr'>tenero</span> <span class='ocrx_word' id='word_1_191' title='bbox 385 2312 503 2378; x_wconf 88' lang='lat' dir='ltr'>lacrymas</span> <span class='ocrx_word' id='word_1_192' title='bbox 520 2310 599 2361; x_wconf 87' lang='lat' dir='ltr'>lentus</span> <span class='ocrx_word' id='word_1_193' title='bbox 617 2308 643 2357; x_wconf 92' lang='lat' dir='ltr'>in</span> <span class='ocrx_word' id='word_1_194' title='bbox 657 2325 701 2359; x_wconf 90' lang='lat' dir='ltr'>ore</span> <span class='ocrx_word' id='word_1_195' title='bbox 716 2308 795 2358; x_wconf 84' lang='lat' dir='ltr'>videt.</span> 
     </span>
    </p>
   </div>
   <div class='ocr_carea' id='block_1_5' title="bbox 173 2382 889 2667">
    <p class='ocr_par' dir='ltr' id='par_1_5' title="bbox 174 2382 806 2522">
     <span class='ocr_line' id='line_1_30' title="bbox 174 2382 806 2448; baseline -0.002 -15"><span class='ocrx_word' id='word_1_196' title='bbox 174 2383 237 2439; x_wconf 83' lang='lat' dir='ltr'>llis,</span> <span class='ocrx_word' id='word_1_197' title='bbox 255 2398 319 2447; x_wconf 89' lang='lat' dir='ltr'>pone</span> <span class='ocrx_word' id='word_1_198' title='bbox 334 2395 413 2434; x_wconf 85' lang='lat' dir='ltr'>metus</span> <span class='ocrx_word' id='word_1_199' title='bbox 428 2397 436 2433; x_wconf 79' lang='lat' dir='ltr'>s</span> <span class='ocrx_word' id='word_1_200' title='bbox 452 2382 495 2432; x_wconf 91' lang='lat' dir='ltr'>tibi</span> <span class='ocrx_word' id='word_1_201' title='bbox 513 2382 579 2447; x_wconf 83' lang='lat' dir='ltr'>regia</span> <span class='ocrx_word' id='word_1_202' title='bbox 598 2382 676 2431; x_wconf 78' lang='lat' dir='ltr'>nostra</span> <span class='ocrx_word' id='word_1_203' title='bbox 691 2383 806 2448; x_wconf 85' lang='lat' dir='ltr'>patebit,</span> 
     </span>
     <span class='ocr_line' id='line_1_31' title="bbox 211 2453 795 2522; baseline 0 -19"><span class='ocrx_word' id='word_1_204' title='bbox 211 2453 298 2520; x_wconf 88' lang='lat' dir='ltr'>Teque</span> <span class='ocrx_word' id='word_1_205' title='bbox 313 2458 396 2506; x_wconf 86' lang='lat' dir='ltr'>colent</span> <span class='ocrx_word' id='word_1_206' title='bbox 413 2472 494 2505; x_wconf 88' lang='lat' dir='ltr'>amnes</span> <span class='ocrx_word' id='word_1_207' title='bbox 511 2472 518 2505; x_wconf 71' lang='grc' dir='ltr'><strong>ε</strong></span> <span class='ocrx_word' id='word_1_208' title='bbox 536 2455 600 2513; x_wconf 88' lang='lat' dir='ltr'>llia,</span> <span class='ocrx_word' id='word_1_209' title='bbox 621 2462 686 2522; x_wconf 78' lang='lat' dir='ltr'>pone</span> <span class='ocrx_word' id='word_1_210' title='bbox 703 2468 795 2505; x_wconf 88' lang='lat' dir='ltr'>metus.</span> 
     </span>
    </p>

    <p class='ocr_par' dir='ltr' id='par_1_6' title="bbox 173 2528 889 2667">
     <span class='ocr_line' id='line_1_32' title="bbox 173 2528 889 2596; baseline 0.004 -17"><span class='ocrx_word' id='word_1_211' title='bbox 173 2528 213 2579; x_wconf 91' lang='lat' dir='ltr'>Tu</span> <span class='ocrx_word' id='word_1_212' title='bbox 224 2538 320 2583; x_wconf 83' lang='lat' dir='ltr'>centum</span> <span class='ocrx_word' id='word_1_213' title='bbox 330 2541 372 2578; x_wconf 85' lang='lat' dir='ltr'>aut</span> <span class='ocrx_word' id='word_1_214' title='bbox 382 2530 464 2595; x_wconf 89' lang='lat' dir='ltr'>plures</span> <span class='ocrx_word' id='word_1_215' title='bbox 474 2530 538 2588; x_wconf 83' lang='lat' dir='ltr'>inter</span> <span class='ocrx_word' id='word_1_216' title='bbox 547 2561 554 2587; x_wconf 85' lang='lat'>‚</span> <span class='ocrx_word' id='word_1_217' title='bbox 563 2528 716 2580; x_wconf 85' lang='lat' dir='ltr'>dominabere</span> <span class='ocrx_word' id='word_1_218' title='bbox 725 2563 732 2588; x_wconf 92' lang='lat'>‚</span> <span class='ocrx_word' id='word_1_219' title='bbox 741 2529 870 2596; x_wconf 84' lang='lat' dir='ltr'>Nymphas</span> <span class='ocrx_word' id='word_1_220' title='bbox 879 2546 889 2582; x_wconf 76' lang='lat' dir='ltr'>s</span> 
     </span>
     <span class='ocr_line' id='line_1_33' title="bbox 210 2602 831 2667; baseline 0.002 -16"><span class='ocrx_word' id='word_1_221' title='bbox 210 2603 272 2655; x_wconf 81' lang='lat' dir='ltr'>Nam</span> <span class='ocrx_word' id='word_1_222' title='bbox 284 2612 380 2653; x_wconf 86' lang='lat' dir='ltr'>centum</span> <span class='ocrx_word' id='word_1_223' title='bbox 390 2614 433 2652; x_wconf 89' lang='lat' dir='ltr'>aut</span> <span class='ocrx_word' id='word_1_224' title='bbox 442 2604 524 2667; x_wconf 87' lang='lat' dir='ltr'>plures</span> <span class='ocrx_word' id='word_1_225' title='bbox 538 2602 634 2654; x_wconf 83' lang='lat' dir='ltr'>flumina</span> <span class='ocrx_word' id='word_1_226' title='bbox 643 2602 721 2652; x_wconf 83' lang='lat' dir='ltr'>nostra</span> <span class='ocrx_word' id='word_1_227' title='bbox 732 2614 831 2653; x_wconf 89' lang='lat' dir='ltr'>tenent.</span> 
     </span>
    </p>
   </div>
   <div class='ocr_carea' id='block_1_6' title="bbox 26 2672 886 2745">
    <p class='ocr_par' dir='ltr' id='par_1_7' title="bbox 26 2672 886 2745">
     <span class='ocr_line' id='line_1_34' title="bbox 26 2672 886 2745; baseline 0.007 -23"><span class='ocrx_word' id='word_1_228' title='bbox 26 2690 30 2697; x_wconf 84' lang='lat'><em>·</em></span> <span class='ocrx_word' id='word_1_229' title='bbox 129 2672 162 2736; x_wconf 89' lang='lat'>65</span> <span class='ocrx_word' id='word_1_230' title='bbox 174 2676 213 2725; x_wconf 91' lang='lat' dir='ltr'>Ne</span> <span class='ocrx_word' id='word_1_231' title='bbox 223 2691 261 2725; x_wconf 80' lang='lat' dir='ltr'>sne</span> <span class='ocrx_word' id='word_1_232' title='bbox 273 2674 375 2740; x_wconf 88' lang='lat' dir='ltr'>sperne,</span> <span class='ocrx_word' id='word_1_233' title='bbox 387 2692 494 2739; x_wconf 84' lang='lat' dir='ltr'>precor,</span> <span class='ocrx_word' id='word_1_234' title='bbox 512 2672 604 2725; x_wconf 77' lang='lat' dir='ltr'>tannim</span> <span class='ocrx_word' id='word_1_235' title='bbox 614 2708 622 2733; x_wconf 83' lang='lat'>,</span> <span class='ocrx_word' id='word_1_236' title='bbox 634 2675 741 2744; x_wconf 70' lang='lat' dir='ltr'>Troiana</span> <span class='ocrx_word' id='word_1_237' title='bbox 751 2692 886 2745; x_wconf 70' lang='lat' dir='ltr'>propaget</span> 
     </span>
    </p>
   </div>
   <div class='ocr_carea' id='block_1_7' title="bbox 173 2747 886 2888">
    <p class='ocr_par' dir='ltr' id='par_1_8' title="bbox 173 2747 886 2888">
     <span class='ocr_line' id='line_1_35' title="bbox 210 2747 671 2813; baseline 0.004 -16"><span class='ocrx_word' id='word_1_238' title='bbox 210 2748 314 2799; x_wconf 87' lang='lat' dir='ltr'>Munera</span> <span class='ocrx_word' id='word_1_239' title='bbox 328 2747 450 2813; x_wconf 85' lang='lat' dir='ltr'>promissis</span> <span class='ocrx_word' id='word_1_240' title='bbox 469 2748 582 2798; x_wconf 83' lang='lat' dir='ltr'>uberiora</span> <span class='ocrx_word' id='word_1_241' title='bbox 596 2748 671 2812; x_wconf 72' lang='lat' dir='ltr'>feres.</span> 
     </span>
     <span class='ocr_line' id='line_1_36' title="bbox 173 2820 886 2888; baseline 0.006 -17"><span class='ocrx_word' id='word_1_242' title='bbox 173 2820 290 2871; x_wconf 67' lang='lat' dir='ltr'>Dixerat·</span> <span class='ocrx_word' id='word_1_243' title='bbox 304 2820 363 2879; x_wconf 86' lang='lat' dir='ltr'>Illa,</span> <span class='ocrx_word' id='word_1_244' title='bbox 382 2822 467 2871; x_wconf 88' lang='lat' dir='ltr'>oculos</span> <span class='ocrx_word' id='word_1_245' title='bbox 483 2820 506 2869; x_wconf 89' lang='lat' dir='ltr'>in</span> <span class='ocrx_word' id='word_1_246' title='bbox 524 2821 620 2869; x_wconf 90' lang='lat' dir='ltr'>humum</span> <span class='ocrx_word' id='word_1_247' title='bbox 634 2820 727 2888; x_wconf 72' lang='lat' dir='ltr'>dejedia</span> <span class='ocrx_word' id='word_1_248' title='bbox 742 2820 866 2875; x_wconf 79' lang='lat' dir='ltr'>modestos</span> <span class='ocrx_word' id='word_1_249' title='bbox 875 2857 886 2886; x_wconf 63' lang='lat'><em>2</em></span> 
     </span>
    </p>
   </div>
   <div class='ocr_carea' id='block_1_8' title="bbox 209 2892 737 2967">
    <p class='ocr_par' dir='ltr' id='par_1_9' title="bbox 209 2892 737 2967">
     <span class='ocr_line' id='line_1_37' title="bbox 209 2892 737 2967; baseline 0.013 -23"><span class='ocrx_word' id='word_1_250' title='bbox 209 2892 341 2967; x_wconf 82' lang='lat' dir='ltr'>Spargebat</span> <span class='ocrx_word' id='word_1_251' title='bbox 357 2894 453 2963; x_wconf 86' lang='lat' dir='ltr'>tepidos</span> <span class='ocrx_word' id='word_1_252' title='bbox 466 2894 552 2949; x_wconf 75' lang='lat' dir='ltr'>leolis</span> <span class='ocrx_word' id='word_1_253' title='bbox 568 2894 643 2949; x_wconf 80' lang='lat' dir='ltr'>imbre</span> <span class='ocrx_word' id='word_1_254' title='bbox 659 2896 737 2950; x_wconf 74' lang='lat' dir='ltr'>snus.</span> 
     </span>
    </p>
   </div>
   <div class='ocr_carea' id='block_1_9' title="bbox 0 0 1022 3709">
    <p class='ocr_par' dir='ltr' id='par_1_10' title="bbox 0 0 1022 3709">
     <span class='ocr_line' id='line_1_38' title="bbox 0 0 1022 3709; baseline 0 0"><span class='ocrx_word' id='word_1_255' title='bbox 0 0 1022 3709; x_wconf 95' lang='lat' dir='ltr'> </span> 
     </span>
    </p>
   </div>
  </div>
 </body>
</html>
