2034 3709
244 202 316 274 188
368 202 578 273 Orrnrr
605 202 857 275 Amorum

241 324 351 389 Cumque
366 322 416 373 tuis
433 322 472 371 sua
488 319 618 386 junxerunt
633 322 794 388 Nemesisque
809 322 923 391 priorque

278 398 369 447 Oscula
383 412 391 444 r
407 412 454 445 nec
469 396 533 445 solos
551 396 679 445 destituere
693 412 778 463 rogos.

198 486 228 533 55
240 471 314 519 Delia
329 469 471 524 discedens,
490 469 611 528 felicius,
627 469 721 535 inquit,
739 480 818 519 amata

276 544 334 593 Sum
350 543 395 591 tibi
410 560 418 592 z
432 542 509 591 vixisti
520 544 601 601 {dum
616 554 673 592 tuus
688 541 749 609 ignis
765 558 844 593 eram.

241 616 287 667 Cui
298 616 425 674 Nemesis,
435 614 519 677 Quid,
529 616 576 673 ait,
588 616 631 665 tibi
641 616 690 665 sint
700 631 753 663 mea
762 615 848 665 damna
859 612 943 666 dolori?

277 689 322 739 Me
337 688 416 738 tenuit
430 688 537 737 moriens
552 687 680 739 deficiente
696 705 776 737 manu.

240 762 266 811 si
280 775 361 811 tamen
374 778 390 811 e
405 762 475 813 nobis
491 762 600 828 aliquid,
617 762 662 810 nisi
679 778 768 811 nomen
782 761 810 811 δι
824 764 925 821 umbra,

194 831 230 882 60
276 834 379 892 Restat3
397 833 421 883 in
437 834 520 901 Elysia
534 836 597 884 valle
612 835 722 884 Tibullus
737 835 796 885 erit.

239 907 335 959 Obvius
350 906 406 956 huic
421 908 526 966 venias,
546 908 637 958 hederd
654 906 770 973 juvenilia
788 908 880 960 cinslus

275 982 416 1045 Tempora,
435 998 490 1030 curn
505 982 603 1039 Calvo,
621 980 691 1029 dolie
707 981 826 1039 Catulle,
841 994 895 1031 tuo.

238 1053 280 1103 Tu
295 1070 411 1121 quoque,
429 1054 450 1103 si
463 1054 546 1103 lassum
560 1054 594 1103 est
609 1055 720 1104 temerati
735 1054 828 1103 crimen
841 1053 908 1104 amici
916 1086 925 1113 ,

276 1128 404 1195 Sanguinis
419 1139 491 1193 atque
508 1128 593 1177 animae
609 1127 710 1193 prodige
727 1127 801 1177 Galle
818 1140 876 1178 tuae.

176 1197 257 1261 65His
266 1198 939 1267 comerumbratuaest3siquidmoddcorporisumbraell:

275 1274 366 1323 Auxisti
380 1290 514 1332 numeros,
532 1276 597 1323 culte
612 1273 730 1331 Tibulle,
748 1273 813 1337 pios.

239 1346 296 1397 Olsa
310 1348 410 1413 quieta,
425 1363 532 1413 precor,
547 1346 600 1396 tutb
614 1346 758 1412 requiescite
774 1347 800 1395 in
814 1362 892 1399 urna:

273 1420 306 1470 Et
319 1421 351 1471 sit
365 1419 451 1469 humus
466 1421 542 1471 cineri
558 1436 609 1471 non
624 1420 725 1469 onerosa
741 1432 797 1469 tuo.
995 1406 996 1455 l

265 1528 912 1601 munke-:i

338 1650 341 1654 ’
417 1647 672 1712 ELEGIA
722 1646 762 1709 X.
995 1646 996 1655 ¹

236 1740 388 1859 Auum
403 1820 525 1861 venerunt
541 1808 651 1860 Cerealis
666 1820 776 1873 tempora
793 1805 874 1859 sacri:

271 1880 376 1931 Secubat
391 1882 416 1931 in
432 1900 511 1933 vacuo
527 1882 576 1933 sola
594 1884 673 1949 puella
689 1894 756 1932 toto.

234 1951 307 2002 Flava
323 1955 418 2014 Ceres,
435 1968 522 2007 tenues
539 1957 607 2021 spicis
624 1956 734 2007 redimita
751 1954 854 2019 capillos
865 1984 891 2023 ‚⁸

271 2026 321 2077 Cur
336 2029 430 2079 inhibes
446 2030 518 2078 sacris
536 2030 661 2079 commoda
676 2028 754 2078 nollra
770 2028 820 2076 tuis
833 2025 845 2075 ἓ
895 2087 898 2091 .

130 2136 140 2143 .
210 2112 223 2159 5
234 2098 272 2148 Te
283 2132 291 2156 ,
306 2100 378 2160 Dea,
395 2101 531 2151 munificam
543 2114 628 2169 gentes
638 2102 783 2167 ubicumque
795 2102 939 2165 loquuntur:

270 2173 324 2221 Nec
341 2172 417 2224 minus
431 2176 541 2223 humanis
557 2175 649 2223 invidet
664 2175 712 2223 ulla
727 2174 808 2223 bonis.

233 2242 299 2293 Ante
314 2264 359 2297 nec
374 2248 458 2297 hirsuti
473 2249 600 2297 torrebant
616 2248 677 2297 sarra
693 2248 797 2296 coloni:

269 2318 323 2367 Nec
339 2332 423 2369 notum
438 2322 511 2370 terris
526 2336 582 2369 area
596 2336 685 2370 nomen
702 2332 765 2370 erat.

232 2389 280 2439 Sed
295 2393 405 2458 glandem
419 2410 541 2459 quercus,
560 2396 657 2443 oracula
673 2393 766 2460 prima,
783 2391 907 2443 serebant.

189 2474 221 2510 10
268 2462 328 2513 Haec
345 2477 416 2524 erat,
439 2467 464 2517 ὃ(
478 2466 558 2515 teneri
576 2463 669 2531 cespitis
686 2466 779 2523 herba,
800 2465 880 2513 cibus.

231 2534 310 2585 Prima
326 2538 403 2587 Ceres
419 2538 502 2589 docuit
519 2539 657 2605 turgescere
675 2538 755 2587 semen
770 2538 795 2587 in
814 2538 900 2605 agris3

160 2612 165 2619 '
266 2609 338 2659 Falce
355 2612 475 2661 coloratas
491 2612 657 2678 subsecuitque
676 2628 767 2660 comas.

229 2680 307 2732 Prima
320 2682 379 2751 jugo
393 2695 476 2733 tauros
493 2684 628 2751 supponere
643 2684 706 2734 colla
721 2683 823 2751 coegit3

266 2757 298 2806 Et
312 2769 420 2806 veterem
437 2773 513 2806 curvo
530 2759 602 2807 dente
619 2757 717 2808 revellit
731 2758 842 2806 humum.

190 2838 218 2887 15
230 2827 300 2878 Hanc
318 2830 440 2895 quisquam
456 2830 568 2896 lacrymis
584 2832 659 2880 laetari
676 2830 753 2881 credit
770 2826 917 2882 amantum?

265 2902 297 2953 Et
313 2904 375 2953 bene
391 2904 518 2955 tormentis
534 2904 690 2973 secubituque
707 2901 779 2955 colii
802 2926 805 2929 ·
