2034 3709
231 265 287 334 -18
346 262 388 330 P.
417 262 602 332 Ovrnrr
631 260 854 329 NAsovrs

238 385 312 435 Tolle
324 399 403 433 moras
413 378 505 431 tannim
516 414 523 438 ,
535 391 712 445 properataque
721 379 815 430 ¹foedera
825 380 917 450 junge.
981 378 987 385 ”
1001 354 1002 443 i

174 479 227 527 ¹50
275 456 326 521 Qui
336 457 392 505 mihi
403 471 465 504 nunc
477 454 559 511 saevit,
574 454 609 502 sic
619 452 663 502 tibi
672 466 755 517 parcat
766 454 851 505 Amor.
1001 446 1002 457 ³

238 533 296 581 Non
307 546 353 596 ego
365 529 482 595 dedignor
491 525 590 593 supplex
601 526 742 592 humilisque
753 529 859 592 precari.

276 602 334 653 Heu
346 602 353 650 !
369 603 409 651 ubi
418 617 481 649 nunc
491 600 561 649 fastus
572 600 668 665 altaque
679 602 753 650 verba
763 598 869 665 jacenti

237 677 271 727 Et
284 692 391 743 pugnare
406 675 465 731 diu,
481 690 526 723 nec
542 689 580 721 me
598 672 737 723 submittere
752 674 843 740 culpae,
1001 678 1002 731 l

276 750 351 800 Certa
366 748 401 798 fui
415 749 495 797 :certi
511 748 531 796 si
546 746 602 812 quid
616 746 717 795 baberet
728 746 814 796 Amor.
1001 746 1002 759 *

177 834 226 885 155
239 823 311 878 Vitta
323 838 427 888 precor,
445 820 591 886 genibusque
601 819 649 868 tuis
663 821 751 885 regalia
764 819 842 870 tendo

276 895 377 945 Brachia
390 909 397 944 ι
410 893 467 959 quid
478 892 580 950 deceat,
594 908 642 940 non
653 892 719 940 videt
731 892 792 942 ullus
803 908 899 943 amans·
1001 908 1002 947 1

239 968 367 1033 Depuduir
376 966 557 1032 ‚profugusque
568 964 646 1030 pudor
658 964 696 1012 sua
707 964 773 1032 signa
785 966 899 1031 reliquit.

276 1043 316 1090 Da
331 1041 427 1089 veniam
440 1038 520 1097 salsae,
533 1038 638 1103 duraque
654 1038 727 1086 corda
742 1038 823 1105 (loma.

242 1112 300 1177 Qui>
307 1114 373 1171 milri,
381 1112 447 1179 quod
453 1112 559 1179 genitor,
569 1112 608 1176 qui
617 1111 836 1177 possidetaequora,
846 1108 955 1161 Minos?

177 1186 230 1238 160
279 1187 353 1251 Quod
364 1186 461 1235 veniant
471 1184 556 1251 proavi
568 1183 664 1233 fulmina
674 1195 739 1232 torta
749 1200 820 1233 manu
830 1182 841 1233 i

242 1260 318 1324 Quod
327 1260 360 1309 sit
369 1274 428 1309 avus
438 1258 509 1307 radiis
520 1258 625 1308 frontem
636 1258 737 1305 vallatus
748 1258 841 1317 acutis,

278 1331 403 1397 Purpureo
413 1331 521 1397 tepidum
532 1332 572 1396 qui
582 1342 665 1379 movet
676 1346 721 1379 axe
733 1330 795 1379 diem
805 1328 816 1379 ἓ

240 1406 364 1456 Nobilitas
374 1406 416 1454 sub
426 1405 517 1454 Amore
528 1401 607 1467 jacet:
619 1403 730 1453 miserere
742 1404 848 1469 priorum
858 1417 868 1463 ;
938 1428 941 1433 ·

278 1479 328 1536 Et,
343 1479 401 1527 mibi
412 1478 433 1528 si
445 1494 494 1526 non
504 1478 540 1526 vis
551 1493 667 1543 parcere,
679 1492 750 1542 parce
763 1477 834 1529 meis.

177 1559 211 1611 16
215 1574 227 1622 5
242 1544 282 1601 Est
292 1553 349 1602 mibi
359 1552 445 1601 dotalis
455 1552 545 1609 tellus,
556 1550 623 1602 lovis
635 1550 724 1608 insula,
737 1550 823 1601 Crete.
913 1566 915 1569 ·

278 1625 373 1675 Serviat
385 1624 522 1690 Hippolyto
536 1624 601 1691 regia
612 1634 664 1671 tota
675 1638 740 1672 meo.

240 1699 259 1748 1²
261 1698 322 1747 leste
333 1698 400 1747 seros
409 1698 501 1746 animos
511 1712 518 1747 τ
529 1696 610 1763 potuit
620 1710 773 1762 corrumpere
785 1709 882 1746 taurum

277 1771 360 1821 Mater
377 1787 384 1820 ε
401 1771 449 1820 eris
460 1782 531 1819 tauro
547 1769 631 1820 saevior
646 1769 695 1833 ipse
710 1768 796 1819 truci?
869 1794 871 1797 ·

240 1843 288 1895 Per
298 1845 423 1897 Venerem
433 1860 531 1910 parcas,
541 1860 586 1892 oro
596 1876 603 1901 ‚
618 1858 670 1909 quae
682 1842 781 1909 plurima
792 1859 890 1891 mecum
903 1842 937 1893 est
948 1858 955 1893 t

176 1928 229 1981 170
278 1918 317 1969 Sic
328 1934 473 1983 numquam,
484 1934 538 1984 que
549 1928 575 1967 te
587 1916 698 1985 spernere
708 1916 803 1981 possit,
819 1932 899 1968 emes.

243 1992 284 2041 Sic
296 1992 339 2041 tibi
350 1991 448 2042 secretis
457 1991 526 2057 agilis
537 1990 592 2039 Dea
603 1989 699 2039 saltibus
710 1989 771 2039 adsit
782 2022 790 2047 ‚

278 2065 390 2130 Silvaque
401 2062 535 2129 perdendas
546 2064 653 2129 praebeat
664 2063 712 2112 alta
723 2062 796 2113 seras.

241 2138 282 2187 Sic
293 2138 390 2186 faveant
400 2137 496 2201 Satyri,
507 2148 668 2200 montanaque
679 2136 791 2194 numina,
804 2132 899 2189 Panes:

277 2211 309 2259 Et
327 2210 396 2258 cadat
406 2208 507 2257 adversi
519 2209 614 2275 cuspide
628 2207 699 2257 fossus
710 2226 777 2273 aper.

173 2302 209 2355 v17
214 2301 226 2349 5
242 2282 282 2331 Sic
292 2283 336 2331 tibi
347 2274 535 2348 dent'Nymphae
548 2279 674 2347 (quamvis
685 2281 757 2330 odisse
768 2282 861 2347 puellas

278 2356 392 2421 Diceris)
404 2365 573 2419 arentemque
584 2356 650 2403 levet
658 2354 720 2403 unda
731 2355 805 2405 sitim.

230 2427 957 2495 Addimushislacrymasprecibusquoque:verbaprecantis

278 2500 405 2570 Perlegis3
417 2511 441 2550 at
452 2502 570 2569 lacrymas
581 2499 644 2569 fruge
655 2498 738 2551 videre
748 2517 824 2554 meas.

510 2763 678 2863 ew
