2034 3709
189 322 931 449 emmonem

193 579 532 661 EPISTOLA
585 578 923 659 SECUNDA.

238 776 580 842 DEMOPHOON
615 774 877 836 PHYLLIDI.

231 911 413 1028 Parrum
424 974 591 1040 Demophoon
600 970 678 1040 patrii
688 970 786 1024 dimittit
796 972 826 1023 ab
837 974 899 1024 urbe
912 988 920 1025 t

266 1048 299 1099 Et
313 1050 414 1116 patriam
427 1048 535 1099 meminit
551 1046 656 1097 muneris
671 1044 718 1095 ell'e
734 1046 779 1096 tui.

228 1122 285 1173 Nec
302 1123 357 1173 face
373 1119 542 1189 Demophoon
554 1119 619 1179 alii,
635 1135 681 1169 nec
698 1116 804 1187 conjuge
822 1132 926 1186 captus,

267 1195 317 1245 Sed
333 1209 382 1246 tem
396 1214 447 1247 non
462 1196 539 1253 felix,
558 1196 627 1259 quim
642 1192 687 1242 tibi
701 1203 774 1242 notus
791 1204 853 1243 eret.

205 1285 218 1335 ς
230 1268 341 1329 Thesea,
350 1267 417 1337 (quo
429 1270 515 1319 socero
526 1264 801 1333 nequicquam‚Phylli‚
811 1267 944 1326 tumebas,

266 1343 441 1412 impuleritque
458 1343 526 1410 ignes
543 1341 645 1391 forsitan
659 1339 700 1389 ille
716 1350 772 1388 tuos
783 1340 816 1407 ς)

229 1413 314 1482 Turpe
332 1416 382 1483 pati
399 1416 488 1473 nobis,
508 1430 587 1481 regno
604 1413 670 1462 ferus
687 1412 781 1478 expulit
798 1412 907 1479 hospest

265 1488 338 1539 Hunc
354 1488 391 1538 illi
407 1487 479 1538 finem
495 1488 568 1553 longa
586 1484 679 1536 senella
696 1484 773 1535 dedit.

230 1560 281 1627 Qui
297 1560 371 1613 modis
387 1561 512 1629 peltiferes
530 1558 593 1609 ludit
606 1557 737 1611 Maeotidas
753 1556 843 1617 ermis,

189 1649 221 1686 ιο
268 1634 361 1686 Alcida
377 1635 476 1703 magni,
494 1649 544 1684 non
559 1631 638 1682 minor
653 1631 722 1697 ipse,
742 1646 836 1681 comes.

229 1705 281 1772 Qui
297 1708 408 1759 socerum
424 1705 511 1758 Minoa
528 1705 595 1773 gravi
612 1704 656 1755 sibi
672 1704 732 1755 lecit
748 1706 778 1753 ab
794 1701 885 1765 hoste,

265 1781 398 1832 Mirantem
412 1778 512 1831 monstri
526 1795 617 1829 cornua
634 1778 697 1829 vitta
715 1777 761 1828 lui.

228 1853 328 1924 Arguor
343 1854 422 1907 exsilii
438 1851 450 1919 (
465 1852 519 1920 quis
537 1849 642 1903 credat?
660 1852 671 1920 )
690 1850 759 1903 cause
775 1847 866 1903 fuiffet

258 1928 321 1980 Nec
337 1929 437 1981 tacitum
453 1928 529 1979 irater
545 1942 585 1976 me
600 1924 658 1975 sinit
673 1924 720 1975 effe
735 1940 826 1976 reum:

189 2018 219 2068 ¹5
231 2002 299 2055 Dum
312 2004 451 2062 thalamos,
466 2000 565 2069 inquit,
581 1998 675 2049 dileuae
691 1997 817 2066 Phyllidos
834 2012 929 2066 urges,

267 2077 299 2126 Et
313 2087 370 2131 tuus
385 2087 488 2127 externo
507 2072 580 2124 ceffat
594 2073 619 2122 in
635 2072 691 2140 igne
708 2070 799 2129 furor3

230 2150 333 2201 fluxere
351 2151 444 2200 Interea
460 2147 523 2214 pede
540 2158 651 2211 tempora
665 2143 729 2211 lapse
745 2143 849 2212 ἡμεῖς

267 2222 438 2290 Praevenitque
454 2233 508 2270 tues
524 2218 609 2269 llebilis
626 2218 686 2268 hora
702 2234 790 2267 mores.

230 2295 342 2347 Forsitan
357 2307 399 2346 aut
414 2294 522 2346 nondum
538 2291 617 2342 stallis
635 2306 766 2341 occurrere
781 2290 878 2350 rebus,

187 2384 221 2421 20
269 2370 319 2418 Aut
336 2382 433 2435 poteras
449 2364 529 2417 fratris
545 2364 610 2414 utilis
625 2362 673 2413 elie
690 2375 780 2413 tamen.

231 2441 281 2491 Cur
299 2443 395 2506 potiora
410 2440 454 2490 tibi
468 2436 616 2504 Rhodopd'ia
633 2452 707 2505 regna
724 2431 817 2488 fuere?

267 2513 379 2581 Quaeque
396 2512 470 2581 magis
485 2511 567 2579 regnis
586 2526 640 2560 cara
657 2511 740 2576 puella
758 2506 828 2559 fuit?

230 2586 328 2637 Intonat
344 2588 380 2637 his
395 2587 497 2636 Acamas
515 2601 523 2635 t
540 2584 624 2633 eadem
640 2599 697 2632 mox
712 2581 798 2649 objicit
814 2578 927 2640 AEtlrre3

267 2660 355 2710 Infelix
370 2659 457 2709 funde
474 2656 523 2724 jem
538 2672 616 2724 prope
633 2654 704 2706 sortis
721 2673 790 2707 anus.

187 2746 219 2796 25
232 2732 263 2783 Et
281 2735 346 2799 quod
361 2749 410 2783 non
426 2731 532 2782 condant
547 2729 597 2780 nati
612 2729 652 2779 sue
668 2730 757 2779 lumina
774 2729 882 2796 palma,

266 2805 357 2856 Fecisse
372 2806 426 2856 haec
443 2803 533 2854 nostres
549 2801 629 2871 arguit
645 2818 721 2867 usque
738 2818 827 2852 moras.

231 2879 288 2928 Non
307 2879 417 2946 equidem
435 2876 530 2927 inficior
547 2891 554 2926 t
572 2873 672 2925 multtim
689 2875 800 2925 clamavit
819 2875 945 2943 uterque,

267 2953 349 3003 Staret
366 2950 491 3004 Threiciis
509 2946 564 3000 ciem
582 2948 639 2999 mihi
655 2949 741 3017 puppis
757 2948 836 3016 aquis.
