2034 3709
207 247 452 315 Romanu
479 244 701 318 Antonio.
755 268 827 341 271

116 362 228 418 Forsitan
244 381 258 415 a
274 364 375 415 Laribus
391 365 473 431 patriis
488 365 555 417 exire
571 364 684 434 pigebit5

151 438 200 488 Sed
215 452 299 489 tamen
315 438 412 501 exibis3
432 440 519 491 deinde
535 440 616 491 redire
632 442 712 493 voles.
735 476 740 481 -

114 512 170 564 Nec
186 525 212 563 te
229 511 277 561 Lar
292 513 404 579 patrius,
420 512 461 562 sed
476 530 545 565 amor
559 515 686 565 revocabit
701 514 803 577 amice,

151 584 309 637 Praetendens
327 588 403 652 culpe
418 585 540 653 splendida
556 589 631 639 verbe
647 588 705 641 suae.
839 604 892 653 240

115 656 180 711 Crim
195 660 269 709 semel
285 660 393 718 exieris,
412 672 509 711 centum
526 660 611 711 solatia
627 678 692 713 cure

152 732 186 783 Et
201 750 262 794 rus,
281 734 308 784 δι
323 734 444 794 comites,
461 735 488 786 bt
500 733 541 785 via
555 735 629 803 longa
646 737 746 789 dabunt.

114 805 169 857 Nec
187 805 243 858 satis
258 806 304 856 effe
319 819 377 873 puta
393 807 517 859 discedere
534 824 542 860 t
559 810 639 859 lentus
654 810 755 870 abesto,

152 881 220 930 Dum
236 880 323 947 perdat
338 882 424 939 vires,
443 882 523 949 sitque
539 882 590 933 sine
605 884 682 951 igne,
702 883 771 935 cinis.

10 953 11 980 r
116 952 164 1015 si,
181 954 229 1005 nisi
241 952 351 1013 firmati,
367 956 526 1021 properabis,
544 968 645 1015 mente,
661 958 774 1017 reverti,
838 972 889 1020 245

153 1028 249 1079 inseret
263 1044 329 1079 arma
343 1028 387 1077 tibi
402 1028 463 1079 saeve
478 1029 576 1079 rebellis
594 1030 681 1082 Amor.

113 1097 186 1165 Quid
198 1099 210 1150 i
227 1102 291 1168 quod
303 1135 311 1160 ,
326 1114 354 1151 ut
363 1101 487 1162 abfueris,
504 1103 587 1153 avidus
597 1103 729 1170 sitiensque
739 1102 829 1157 redibis
840 1121 850 1163 3

153 1175 188 1225 Et
205 1174 305 1241 spatium
320 1174 407 1225 damno
424 1174 520 1227 cesserit
534 1192 606 1226 omne
623 1175 691 1227 tuo?

114 1248 235 1306 Viderit,
251 1249 385 1299 Haemonia
399 1249 421 1299 si
435 1249 488 1316 quis
502 1251 564 1299 mala
579 1250 667 1315 pabula
681 1262 773 1311 terrae,

153 1322 187 1373 Et
202 1323 308 1390 magicas
322 1335 386 1373 artes
401 1322 467 1389 posse
483 1323 567 1389 juvare
583 1335 663 1389 putat.
840 1340 892 1387 250

114 1395 161 1447 Ista
177 1394 291 1446 veneficii
306 1409 378 1447 vetus
392 1397 427 1445 esi
442 1397 480 1447 via
496 1413 504 1447 t
521 1396 602 1447 noster
617 1398 709 1464 Apollo

153 1470 285 1521 innocuam
300 1470 369 1520 sacro
385 1470 490 1520 carmine
506 1470 620 1521 monstrat
636 1488 718 1538 opem.

114 1542 162 1594 Me
179 1544 261 1602 duce,
278 1560 329 1598 non
343 1545 438 1594 tumulo
453 1545 553 1611 prodire
569 1544 691 1610 jubebitur
706 1548 808 1606 umbra;

153 1618 213 1666 Non
229 1634 288 1667 anos
305 1618 387 1667 insami
403 1618 507 1667 carmine
525 1630 621 1685 rumpet
637 1619 745 1671 humum.

114 1692 175 1741 Non
191 1690 260 1759 seges
275 1708 307 1741 ex
323 1690 375 1741 aliis
390 1691 451 1740 alios
466 1690 577 1741 transibit
593 1692 618 1741 in
635 1709 727 1760 agrosr
838 1708 888 1757 255

153 1765 209 1814 Nec
224 1762 302 1815 subiti>
318 1764 404 1815 Phoebi
419 1765 521 1830 pallidus
538 1765 603 1815 orbis
619 1767 676 1816 erit.

4 1817 5 1862 i
115 1837 153 1889 Ut
169 1838 251 1897 solet,
268 1854 394 1905 aequoreas
410 1838 454 1888 ibit
467 1839 600 1889 Tiberinus
615 1839 641 1889 in
656 1838 755 1898 undas;

152 1910 190 1962 Ut
206 1912 286 1971 solet,
301 1914 327 1962 in
342 1912 419 1963 niveis
433 1911 502 1962 Luna
517 1912 622 1962 vehetur
637 1913 718 1978 equis.

114 1987 190 2038 Nulla
205 1997 342 2039 recantatas
358 1986 484 2052 deponent
498 1984 596 2052 peoora
613 1992 706 2044 chanst¹

151 2062 209 2111 Nec
225 2060 303 2127 fugiet
317 2059 376 2111 vivo
390 2059 480 2109 sulsute
494 2058 571 2109 vitius
585 2074 663 2109 arnor.
839 2056 891 2109 26o

4 2129 5 2134 ’
114 2133 186 2199 Quid
200 2146 226 2185 te
243 2132 364 2185 Phasiacae
377 2132 494 2199 juvemur
507 2132 613 2199 gramina
628 2143 718 2192 terre,

154 2208 217 2259 Cum
233 2224 336 2273 cuperes
352 2206 449 2274 patrii,
468 2206 576 2263 Colchi,
594 2220 693 2257 rnrnere
710 2202 806 2255 domo?

116 2281 186 2347 Quid
201 2282 245 2331 tibi
259 2282 421 2347 prosuerunt,
441 2279 536 2337 Circe,
554 2277 682 2331 Perseides
698 2280 800 2338 herbae,

155 2353 217 2406 Crim
233 2356 274 2405 sua
288 2354 396 2406 Neritias
412 2353 506 2403 abstulit
521 2370 578 2404 aura
595 2351 683 2405 rates?
785 2390 792 2401 .

117 2428 208 2481 Omnia
223 2428 318 2489 fecisti,
337 2444 369 2478 ne
386 2427 485 2477 callidus
502 2428 589 2494 hospes
606 2426 704 2486 abiret3
742 2490 743 2493 Ἴ
841 2424 890 2487 265

154 2504 200 2553 llle
216 2502 284 2553 dedit
297 2514 373 2553 certae
387 2500 461 2552 lintea
476 2502 550 2568 piena
564 2502 637 2569 fuga.

117 2576 208 2629 Omnia
223 2576 318 2635 fecisti,
338 2592 369 2626 ne
383 2586 410 2625 te
426 2574 492 2625 serus
506 2586 593 2625 ureret
607 2574 667 2643 ignis
680 2590 689 2633 ς

154 2650 253 2718 Longus
268 2661 294 2700 at
310 2650 388 2699 invito
404 2648 504 2715 pedore
521 2648 581 2699 sedit
597 2664 673 2700 amor.

116 2723 226 2778 Vertere
244 2740 298 2791 quae
312 2734 409 2790 poteras
427 2723 537 2775 homines
550 2723 577 2773 in
593 2723 658 2774 mille
673 2720 782 2791 figurasa

153 2791 211 2848 Non
225 2810 325 2863 poteras
338 2796 411 2846 animi
426 2807 526 2847 vertere
543 2794 595 2861 jura
612 2796 657 2847 tui.
815 2796 817 2801 ’
840 2808 891 2857 270

12 2866 16 2873 ’
117 2870 217 2921 Diceris
233 2871 269 2921 his
286 2871 377 2927 etiam,
396 2867 451 2932 cirin
466 2868 514 2932 jam
530 2870 654 2920 discedere
671 2870 765 2927 vellet,

154 2944 296 2996 Dulichium
310 2942 391 2997 verbis
408 2941 533 2994 detinuisse
549 2943 655 3002 ducem3

716 3033 745 3084 M
759 3034 783 3084 ir
