2034 3709
166 294 171 309 ,
247 231 641 297 consocArto.
737 250 809 323 3¹3

98 342 231 411 Accipient
246 343 378 410 juvenem,
393 346 539 399 Germanica
554 345 622 414 signa
638 345 758 396 ferentem
823 354 872 406 335

136 418 250 469 Consulis
265 420 388 486 irnperio,
406 419 609 487 conspicuumque
627 420 722 470 decus:

98 489 299 559 Gaudebuntque
313 494 362 543 sua
377 493 466 543 rnerito
482 493 627 561 cognomine
643 492 742 561 gentis,

135 565 212 630 Quod
229 566 293 617 solus
309 566 402 618 domito
416 567 493 617 vidior
507 568 538 617 ab
553 566 619 617 hoste
636 567 701 617 tulit.

97 635 149 692 vix
165 638 270 689 credent
283 651 376 690 tanturn
391 657 472 691 return
488 639 576 707 cepisse
592 651 632 689 tot
646 654 744 690 annos:
875 676 880 683 .
931 690 935 703 ,

133 711 267 779 Magna
243 730 289 763 vtn
281 712 378 763 iatum
392 730 502 780 querere
518 713 579 763 facta
596 714 685 763 locum.
815 725 875 794 340

97 779 159 836 Hac
176 785 255 851 ipsutn
269 786 367 836 sublime
381 786 485 837 ferent:
500 787 573 845 haec,
592 786 682 853 optima
698 796 793 845 mater,

132 857 283 909 Debuerant
300 851 377 910 ludius
392 872 519 909 attenuare
537 872 604 910 tuos.
645 866 647 873 ’
814 912 819 922 ,

95 928 197 981 'emina
214 934 305 1000 digna
300 934 366 992 illia,
386 950 447 999 quor
461 948 537 982 aurea
553 931 662 984 condidit
677 944 756 992 etat,
815 944 819 955 ¹

133 1003 287 1071 Principibus
303 1006 383 1065 natis,
403 1006 512 1072 principe
529 1005 637 1075 digna'
612 1023 678 1057 vtro.

96 1074 165 1142 Quid
176 1079 265 1129 deceat
274 1079 349 1131 Drusi
359 1093 480 1141 matrern.
497 1092 647 1146 matremque
659 1075 784 1141 Neronis,
825 1093 858 1145 34
863 1095 874 1141 5

133 1150 249 1224 Aspice:
264 1170 314 1219 quo
329 1153 429 1220 surgas,
448 1153 548 1219 aspice,
565 1170 634 1203 mane
650 1166 717 1204 toro.

96 1221 155 1280 Non
170 1217 257 1275 eadem
273 1226 409 1294 vulgusque
425 1226 536 1285 decent,
557 1227 583 1277 δι
598 1226 687 1277 lumina
702 1244 793 1278 terum.

134 1297 174 1347 Est
191 1298 259 1365 quod
273 1300 420 1365 praecipuum
437 1300 527 1349 debeat
543 1298 584 1348 ista
599 1300 693 1351 domus.

96 1368 216 1437 Imposuit
229 1384 255 1422 te
271 1374 322 1423 alto
338 1372 463 1431 Fortuna,
484 1374 614 1439 iocumque
630 1374 710 1424 tueri'

133 1444 213 1497 lussit
230 1446 393 1505 honoratum,
410 1445 500 1498 Livia:
517 1447 602 1513 perier
616 1463 689 1498 onus.
748 1461 752 1467 ¹
826 1459 838 1509 3
845 1461 879 1508 50

97 1515 137 1567 Ad
153 1530 181 1568 te
198 1520 305 1577 oculos,
325 1536 444 1585 auresque
458 1520 558 1571 trahis:
574 1532 616 1573 tua
633 1522 696 1572 satra
712 1530 833 1571 notamus.

133 1592 190 1642 Nec
206 1608 259 1642 vox
273 1590 338 1641 mida
353 1590 433 1659 potest
448 1592 565 1660 principie
581 1610 627 1645 ote
644 1592 704 1662 tegi

97 1661 155 1715 dita
168 1680 264 1724 mane3
280 1664 399 1731 supraque
414 1678 472 1714 tuot
489 1666 592 1736 exsurge
609 1668 727 1717 dolores:

135 1739 325 1806 infragilemque
340 1738 466 1798 animuin,
484 1740 550 1807 quod
565 1754 658 1807 potes,
675 1756 752 1807 usque
769 1752 836 1797 tene
869 1730 875 1777 ξ

98 1810 140 1863 dn
155 1808 243 1863 melitis
260 1824 343 1877 perte
358 1812 475 1863 virtutum
491 1816 603 1880 exempla
620 1827 751 1880 petemus,
826 1824 877 1876 355

137 1884 254 1950 Qudm
234 1902 256 1935 ct
270 1885 387 1935 Romanae
404 1886 519 1952 principis
536 1888 587 1935 edis
605 1884 689 1953 opus?

100 1959 160 2010 Fata
174 1971 276 2009 nranent
293 1974 400 2009 ornnes:
420 1976 505 2010 omnes
522 1959 644 2027 exspetiat
658 1974 745 2009 avarus

137 2030 269 2089 Portitor3
289 2032 315 2082 δι
329 2033 408 2082 turbae
422 2033 465 2083 vix
480 2032 536 2083 satis
552 2050 599 2082 una
616 2030 683 2083 ratis.
829 2094 832 2101 .
869 2094 874 2101 ν

99 2103 236 2155 Tendimus
245 2106 294 2155 huc
305 2122 390 2157 ornnes
400 2123 410 2157 x
422 2117 511 2156 metam
521 2120 679 2172 properamus
688 2100 719 2153 ad
729 2112 817 2153 unam:
834 2107 849 2137 -“
868 2132 872 2139 ·

137 2178 232 2230 Omnia
249 2178 291 2229 iub
306 2180 375 2246 leges
391 2178 464 2230 Mors
480 2191 554 2229 vocat
570 2190 622 2229 atra
638 2177 700 2227 suas.
830 2173 882 2237 360

101 2251 275 2304 Eccenecetn
288 2252 408 2304 intentam
424 2254 510 2309 coelo,
527 2264 667 2321 retroque,
686 2250 798 2324 fretoque
810 2280 818 2305 ,

140 2325 306 2392 enormique
322 2326 413 2394 triplex
429 2324 590 2376 vaticinantur
607 2318 678 2389 opus.
719 2332 724 2351 ’
762 2324 766 2340 “

103 2402 116 2453 l
132 2410 217 2461 nunes
237 2399 281 2459 ti,
299 2398 371 2451 rebus
388 2399 456 2451 tanti
470 2398 626 2464 impendente
642 2394 734 2469 ruina&

142 2476 172 2525 ln
189 2487 216 2525 te
230 2474 304 2524 solun
321 2476 407 2524 oculos
425 2473 451 2525 dt
467 2485 509 2522 tna
526 2472 611 2527 damna
626 2470 710 2519 refer.

104 2547 228 2599 Maximus
236 2546 278 2597 iile
289 2545 402 2613 quidem
395 2559 510 2611 Juvenum
522 2576 529 2603 ‚
548 2542 606 2610 spes
608 2542 726 2608 publica,
738 2516 817 2591 'virita
831 2538 864 2603 36
868 2554 881 2603 5

144 2622 194 2681 Et,
213 2637 260 2687 qua
273 2632 344 2669 natus
359 2632 429 2676 erat,
446 2618 524 2686 gloria
540 2615 627 2665 summa
644 2614 777 2708 domiin:¹
799 2660 808 2671 ,

106 2694 157 2745 seu
170 2694 281 2745 mortalis
297 2704 380 2744 eratt'
390 2708 437 2741 nec
450 2704 478 2742 tu
493 2690 576 2741 secuta
592 2684 709 2769 fuisti,¹

144 2767 228 2818 Fortia
244 2764 367 2846 progenie
380 2767 443 2817 belia
461 2774 562 2833 gerente
579 2761 631 2811 tna.

108 2840 168 2894 Vita
182 2841 239 2890 data
248 2838 289 2889 est
301 2837 417 2891 ritenda:
435 2839 489 2889 data
505 2834 571 2887 est
553 2851 604 2886 stne
623 2832 709 2889 fenore
724 2826 795 2887 nodis
825 2826 865 2867 (

145 2914 255 2983 Mutua,
273 2926 321 2963 nec
335 2912 403 2964 certa
417 2910 577 2978 persoluenda
593 2908 642 2964 die.
759 2912 773 2929 ³
833 2918 886 2969 370

177 3007 262 3059 Turnus
279 3005 304 3063 Ῑ.
511 3019 513 3023 ·
752 3000 779 3051 0
