2034 3709
151 270 367 346 11111111.
391 276 651 352 EuacrAV.
704 299 776 376 125

64 395 116 448 Sed
130 413 288 464 quacumque
302 407 385 447 tamen
398 398 494 448 nostem
510 399 607 448 forum
622 384 752 467 sequatur,

104 469 163 522 ctas
178 471 238 521 mihi
254 469 372 521 constanti
387 488 451 521 voce
469 471 558 522 dedille
575 487 647 540 nega.
785 490 820 538 70

100 553 746 655 o-—=*—-—4-t„”‘z=i--.-=-o

111 694 115 698 ⁸
232 697 506 762 ELEGIA
549 700 597 772 V,

69 795 147 913 ΔΞ
155 842 294 911 enecent
305 893 313 918 ,
325 859 476 928 mediamque
486 858 537 912 dies
548 875 664 930 exegerat
674 862 780 914 umbram
791 877 799 913 ε

104 933 211 998 Apposui
228 933 309 987 medio
324 933 429 984 membra
445 935 546 985 levanda
563 947 632 986 toro.

65 1001 123 1055 Pars
137 1006 252 1072 adaperta
269 1005 334 1065 fuit,
352 1023 408 1072 pam
423 1008 499 1058 altera
515 1007 593 1058 clausa
609 1009 739 1060 fenestret:

105 1077 184 1142 Quale
201 1077 255 1129 fere
270 1080 337 1130 silvae
354 1081 436 1129 lumen
451 1080 542 1130 babere
558 1080 646 1134 solent.

67 1149 154 1217 Qualia
169 1151 313 1212 sublucent,
327 1154 454 1221 fugiente,
473 1153 631 1220 crepuscula,
649 1154 763 1206 Phoebo:
787 1170 799 1218 5

105 1224 152 1273 Aut
164 1225 206 1274 ubi
221 1241 272 1275 nox
289 1227 365 1286 abiit,
383 1242 430 1276 nec
445 1239 529 1277 tamen
544 1239 602 1276 orta.
614 1228 675 1280 dies.

67 1297 112 1346 llla
127 1299 271 1349 verecundis
287 1300 329 1349 lux
345 1299 380 1349 eli
395 1300 525 1366 praebentla
540 1300 647 1367 puellis,

104 1369 158 1434 Qui
173 1372 270 1422 timidus
287 1375 390 1424 latebrae
405 1374 487 1438 speret
500 1375 590 1424 habere
606 1375 696 1441 pudor.

67 1443 132 1494 Ecce
147 1444 255 1495 Corinna
269 1446 355 1505 venit,
375 1446 458 1496 eunici
472 1448 553 1498 uelata
567 1449 674 1500 recinfli
682 1483 691 1509 ‚

104 1517 210 1569 Candida
227 1519 324 1569 dividua
342 1521 405 1570 colla
420 1533 522 1588 tegente
540 1521 629 1572 comi:
788 1533 820 1572 to

68 1589 178 1654 Qualiter
193 1593 219 1642 in
233 1593 352 1642 thalamos
366 1594 471 1647 formosa
487 1594 622 1644 Semiramis
638 1593 679 1646 ine

101 1665 218 1724 Dicitur,
236 1664 262 1715 &
277 1667 357 1725 multis
374 1665 432 1716 Lais
447 1678 524 1717 amata
542 1668 609 1718 viris.

66 1737 167 1805 Deripui
182 1739 308 1796 tunicatu3
325 1755 372 1788 nec
386 1740 486 1788 multum
500 1757 555 1792 rara
570 1741 696 1791 nocebat:

102 1810 227 1880 Pugnabat
241 1811 323 1861 tunici
339 1812 380 1862 sed
395 1825 477 1863 tamen
492 1814 532 1863 illa
548 1815 609 1882 tegi.

69 1884 175 1952 Cumque
182 1887 218 1934 ita
226 1898 361 1952 pugnaret,
370 1897 491 1951 tamquam
499 1903 551 1953 quae
560 1889 660 1938 vincere
671 1887 764 1945 nollet,
788 1901 797 1935 1
806 1901 817 1948 5

101 1959 171 2010 vitta
185 1958 286 2008 estnon
302 1975 367 2026 aegre
382 1960 521 2027 proditione
537 1960 586 2011 sui.

67 2033 102 2082 Ut
118 2032 181 2083 stetit
195 2044 254 2083 ante
270 2034 375 2089 oculos,
394 2033 477 2100 potito
493 2035 632 2093 velamine,
652 2031 765 2091 nostros3

18 2112 19 2115 ’
101 2108 130 2156 ln
145 2119 201 2158 toto
217 2122 333 2172 nusquam
350 2119 454 2173 corpore
469 2109 557 2157 menda
573 2107 629 2158 soit.

69 2179 135 2244 Quos
152 2179 286 2230 humeros!
305 2181 388 2245 quales
400 2180 450 2230 vidi
465 2181 583 2248 tetigique
600 2165 727 2230 lacertosi
835 2214 840 2223 1

18 2284 19 2291 1
101 2255 187 2304 Forma
203 2254 345 2319 papillarum
360 2256 430 2319 quim
446 2253 492 2302 fuit
505 2266 560 2320 apta
577 2252 673 2320 premi!
786 2270 820 2306 20

70 2319 144 2390 Qiim
159 2325 275 2394 castigato
290 2327 375 2392 planus
389 2326 431 2375 sub
445 2326 544 2391 penore
560 2324 668 2378 venter!
726 2371 731 2381 .

102 2400 226 2464 Quantum
244 2398 270 2449 81
284 2400 355 2464 quale
371 2401 433 2449 latus
451 2398 458 2448 !
474 2403 545 2464 quim
557 2400 666 2466 'juvenile
683 2398 780 2450 femur!

69 2473 164 2540 Singula
178 2472 236 2540 quid
252 2469 377 2522 referam?
395 2473 428 2522 nil
443 2487 493 2522 non
507 2473 626 2522 laudabile
641 2472 710 2524 vidi:

101 2547 133 2596 Et
149 2544 330 2611 nudampreesi
347 2561 436 2612 corpus
449 2545 480 2594 ad
493 2562 570 2613 usque
585 2563 674 2597 meum.

70 2619 223 2686 Cetera'quis
238 2618 341 2669 nescit?
359 2619 417 2671 lausi
431 2618 593 2686 requievimus
610 2620 692 2675 ambo·
784 2635 800 2673 2
804 2635 817 2684 5

102 2691 247 2748 Proveniant
263 2691 336 2748 metiti
351 2693 387 2744 sic
403 2691 461 2743 mihi
477 2691 539 2761 stipe
557 2694 618 2750 dits.

373 2833 541 2923 w
