2034 3709
15 2159 17 2204 l

166 240 473 315 streames.
497 244 575 312 Er.
599 244 683 311 III.
748 266 793 340 13

75 356 144 410 Plus
154 375 203 427 ego
211 363 282 427 quim
292 360 393 411 Phoenix
402 395 411 419 ,
420 364 474 429 plus
482 366 552 429 quim
561 364 677 414 facundus
685 363 796 431 ulysses,

119 430 182 483 Plus
194 451 243 501 ego
253 437 323 501 quim
334 434 442 494 Teucri,
455 437 565 494 credite,
580 437 655 487 frater
664 454 743 505 agam.
812 450 864 505 130

74 504 122 555 Est
135 507 230 572 aliquid
243 509 334 557 collum
346 507 423 558 solitis
435 510 537 577 tetigisse
553 511 668 568 lacertis,

118 577 299 645 Praesentisque
312 582 397 631 oculos
409 581 553 632 admonuisse
568 583 613 632 sui.

75 650 119 705 sis
137 652 198 702 licet
211 654 327 711 immitis,
344 654 471 720 matrisque
480 656 589 705 ferocior
600 656 686 714 undis;

116 724 158 774 Ut
168 739 264 776 taceam
270 759 279 785 ,
285 728 398 793 lacrymis
405 729 569 779 comminuere
579 730 650 778 meis.

75 796 157 847 Nunc
167 797 286 866 quoque(
294 801 328 849 sic
337 816 421 851 ornnes
430 800 517 851 Peleus
526 815 595 868 pater
604 803 703 868 impleat
709 818 795 861 annos,
812 826 822 862 1
827 824 841 879 3
847 824 860 876 5

118 870 163 919 Sic
175 881 217 921 eat
227 874 338 937 auspiciis
348 872 455 939 Pyrrhus
462 874 489 923 in
498 892 563 924 arma
572 876 639 941 tuis)

75 940 188 1009 Respice
200 946 317 995 solicitam
328 946 451 1006 Briseida,
461 948 533 998 sortis
546 948 661 1006 Achille5

116 1018 176 1067 Nec
189 1019 299 1069 miseram
312 1020 378 1069 lenti
389 1022 484 1069 set-reus
495 1037 540 1071 ute
555 1022 635 1071 mori.

75 1088 152 1157 Aut,
163 1091 186 1141 si
195 1093 278 1142 versus
287 1109 355 1141 amor
364 1105 421 1142 tuus
431 1092 466 1142 est
473 1094 499 1142 in
508 1095 580 1145 tedia
590 1094 662 1145 nostri
672 1128 682 1155 ,

115 1160 204 1227 Quam
214 1165 266 1215 sine
277 1176 303 1215 te
313 1166 382 1233 cogis
393 1167 494 1225 vivere,
507 1183 571 1234 coge
580 1168 651 1217 mori.
810 1180 863 1232 140

77 1235 169 1302 thue
181 1237 257 1295 sacis,
269 1254 344 1306 coges
356 1254 364 1289 τ
376 1239 435 1288 abiit
445 1240 580 1306 corpusque
590 1242 724 1306 colorque:

119 1309 229 1361 Sustinet
237 1313 286 1361 hoc
296 1313 382 1361 animae
393 1312 447 1378 spes
456 1325 537 1363 tamen
547 1330 595 1363 una
605 1314 651 1363 tui.

76 1380 140 1445 Qui
149 1384 171 1437 si
182 1384 315 1443 destituor,
325 1398 435 1449 repetam
444 1386 577 1451 fratresque
587 1387 734 1452 virumque:

118 1457 175 1506 Nec
185 1458 231 1507 tibi
241 1456 392 1525 magnificum
401 1458 491 1507 semina
501 1458 559 1524 'pulla
569 1461 640 1510 mori.

79 1527 135 1578 Cur
145 1542 229 1579 eutem
238 1530 323 1597 jubeas
335 1528 345 1579 i
356 1530 436 1579 strillo
448 1544 505 1596 pete
516 1548 620 1597 corpora
631 1532 714 1584 serto:
814 1534 862 1588 ¹45

117 1602 158 1651 Est
173 1604 249 1661 mihi,
261 1604 302 1669 qui
313 1602 375 1653 soffo
385 1604 484 1669 pellore
495 1604 590 1672 sanguis
600 1616 650 1655 eat.

78 1673 127 1729 Me
139 1688 211 1741 petat
219 1677 264 1725 ille
272 1690 343 1734 tuus,
356 1677 413 1743 qui,
423 1678 443 1726 si
455 1676 512 1727 Dea
523 1678 585 1743 passa
595 1677 688 1738 suisset,

117 1748 192 1797 Ensis
204 1750 229 1798 in
240 1749 332 1801 Atridae
341 1750 426 1815 peslus
435 1750 512 1800 itrtrus
523 1765 584 1803 erat.

78 1818 121 1870 Ah
135 1821 143 1870 !
153 1821 236 1887 potiris
247 1823 327 1873 serves
339 1823 458 1881 nostram,
472 1836 515 1873 tua
525 1842 639 1883 munera,
649 1823 742 1875 vitamt

118 1894 199 1959 Quod
210 1896 313 1949 dederas
322 1896 382 1945 hosii
392 1895 489 1953 vilior,
500 1898 577 1947 amica
586 1914 658 1965 rogo.
813 1909 865 1961 150

78 1965 192 2017 Perdere
202 1985 264 2034 quos
275 1970 360 2019 melius
371 1968 467 2035 possis,
481 1969 604 2035 Neptunia
614 1970 725 2036 prebent

118 2039 239 2107 Pergama
252 2059 259 2094 ε
274 2043 398 2092 materiam
411 2042 485 2091 caedis
494 2044 525 2091 ab
537 2041 605 2093 hoste
618 2056 687 2109 pete.

15 2133 16 2152 3
80 2112 127 2163 Me
142 2112 235 2173 modd,
250 2115 302 2166 sive
315 2132 384 2180 paras
394 2115 520 2179 impellere
531 2116 622 2183 remige
635 2114 749 2172 classem,

118 2187 179 2237 Sive
189 2205 291 2248 manes,
302 2188 394 2239 domini
402 2187 457 2254 jure
469 2189 554 2239 venire.
565 2187 633 2253 jube.

112 2292 767 2366 e—-aess--o

191 2452 194 2458 ·
240 2411 534 2477 Elusio-LA
575 2410 645 2473 IV.

168 2542 375 2601 Prummu
416 2540 716 2599 Hreeozrro.

70 2705 73 2710 '
85 2595 218 2759 Quo,
229 2695 276 2747 nisi
285 2708 314 2746 tu
324 2694 435 2760 dederis,
447 2694 550 2745 caritura
560 2691 594 2743 est
605 2692 669 2759 ipsa,
679 2693 782 2744 salutem

122 2772 202 2821 Mittit
211 2769 349 2821 Amazonio
362 2767 443 2818 Cressa
455 2769 536 2832 puella
548 2767 612 2817 vito.

85 2842 187 2911 Perlege
196 2844 365 2915 quodcumque
376 2840 410 2891 est
421 2858 428 2890 ι
438 2841 495 2907 quid
505 2838 605 2905 epistola
614 2838 675 2889 leea
684 2836 796 2891 nocebit?

120 2917 162 2982 sse
171 2933 284 2989 quoqup,
292 2916 318 2969 io
325 2916 371 2967 hac
377 2914 466 2983 aliquid
473 2912 537 2983 quod
542 2911 627 2982 juvet,
637 2910 779 2979 elsepotest.
