2034 3709
202 260 251 331 62
306 256 348 326 P.
376 256 565 328 Orrrm
590 256 816 332 NAsorrrs
852 266 864 275 “

200 377 249 428 Sed
259 389 340 427 tamen
351 376 472 442 experiar·
483 376 564 429 Modo
577 376 638 429 faeta
655 380 794 445 crepuscula
804 380 879 435 terris
891 396 908 447 ἦ
930 410 932 412 -

237 450 328 500 Ultima
335 466 390 515 pars
400 449 478 500 nostis
488 484 496 509 ‚
508 452 632 519 primaque
641 454 702 502 lucis
711 467 764 504 erat
774 471 782 506 ε

200 523 322 573 Ducimur
333 522 457 573 lnachides
470 524 550 591 magni
563 524 604 575 sub
615 525 678 575 tella
685 526 796 595 Tyranni
806 546 816 587 ς

237 596 268 645 Et
282 596 351 646 socer
362 607 464 646 armatas
472 598 562 662 accipit
573 599 625 649 aede
634 616 717 649 nurus.

157 684 173 722 2
177 684 190 734 5
202 669 317 737 Undique
326 671 450 719 collucent
460 668 593 736 praecint‘lae
604 672 727 739 lampades
738 690 799 725 euro
810 690 828 727 t*

236 742 333 793 Dantur
343 743 367 792 in
379 742 470 792 invitos
480 744 551 809 impia
562 756 615 794 tura
627 744 706 795 locos.

191 804 915 887 Vulgus,Hymen,llymenaee‚‘s·ocant:fugitillevocantes·
998 874 999 877 ,

235 889 287 957 lpse
299 889 313 940 J
317 890 369 939 ovis
379 889 469 956 conjux
481 891 555 941 cessit
562 892 591 941 ab
602 894 660 942 urbe
672 892 722 943 sud.

197 960 264 1012 Ecce
276 978 344 1013 mero
355 962 435 1021 dubii,
448 964 564 1013 comitum
572 964 678 1015 clamore
688 966 844 1032 frequentes,

153 1048 188 1102 30
234 1036 253 1087 f
255 1037 307 1086 lore
317 1052 384 1086 novo
393 1036 500 1087 madidas
507 1036 655 1105 impediente
666 1054 762 1097 comas,

197 1108 227 1160 ln
239 1110 356 1161 thalamos
366 1110 417 1161 laeti
427 1143 436 1169 ,
446 1110 581 1170 thalamos,
594 1110 634 1161 sua
644 1112 727 1172 bulla,
740 1112 874 1165 ferunuirr

233 1182 361 1249 Strataque
374 1185 532 1250 corporibus,
547 1184 631 1234 funere
640 1186 727 1252 digna,
740 1197 866 1251 premunt.

197 1253 299 1323 Jamque
311 1258 366 1306 cibo
376 1257 483 1323 vinoque
493 1272 581 1324 graves
591 1290 600 1316 ,
615 1258 761 1325 somnoque,
771 1258 888 1326 jacebant
898 1276 911 1319 3

234 1329 398 1397 Securumque
409 1331 476 1395 quies
486 1331 534 1380 alta
542 1346 585 1396 per
599 1330 678 1400 Argos
689 1345 741 1381 erat
752 1346 760 1382 t

153 1413 167 1466 3
173 1414 187 1462 5
200 1401 298 1451 Circum
309 1418 348 1451 me
358 1404 460 1470 gemitus
471 1404 614 1453 morientum
626 1405 816 1455 audirevidebar
827 1421 834 1456 r

233 1475 265 1524 Et
275 1487 354 1524 tamen
365 1476 475 1525 audibam
486 1494 495 1534 ς
509 1476 622 1544 quodque
636 1480 738 1529 verebar
751 1512 759 1537 ,
774 1490 837 1529 erat.

179 1545 182 1551 ’
199 1546 300 1615 Sanguis
311 1547 375 1605 abit,
386 1562 540 1616 mentemque
555 1552 621 1600 calor
633 1566 769 1619 corpusque
783 1549 911 1619 relinquit:

232 1622 307 1688 Inque
317 1638 383 1671 novo
393 1620 457 1689 jacui
467 1620 554 1690 frigida
566 1620 627 1673 latia
638 1636 704 1675 toto.

196 1693 233 1743 Ut
244 1694 292 1743 leni
304 1692 421 1762 Zephmo
432 1694 528 1763 fragiles
539 1698 662 1747 vibrantur
671 1696 743 1748 arillae
750 1714 760 1757 ;

150 1778 186 1826 40
234 1768 328 1834 frigida
337 1770 454 1835 populeas
465 1782 492 1818 ut
504 1770 581 1835 quatit
591 1786 647 1821 aura
657 1786 752 1822 cornast

195 1839 246 1889 Aut
256 1842 290 1890 sic
301 1875 308 1899 ‚
319 1854 360 1891 aut
372 1842 443 1891 etiam
454 1844 540 1892 tremui
551 1844 633 1913 tnagis.
645 1840 699 1911 lpse
709 1842 805 1911 jacebas
815 1860 825 1904 ς

232 1913 344 1982 Quaeque
354 1915 398 1965 tibi
409 1914 520 1965 dederam
532 1918 601 1975 vina,
614 1918 706 1983 soporis
719 1930 798 1967 erant.

195 1986 324 2038 Excussere
338 2001 428 2039 metum
438 1990 541 2053 violenti
552 1988 610 2055 julla
622 1990 727 2055 patentis
742 2006 751 2041 ε

232 2060 336 2128 Erigor,
351 2062 376 2113 δι
390 2063 459 2127 capio
470 2064 520 2113 tela
532 2074 652 2113 tremente
667 2080 748 2115 manu.

150 2144 168 2192 4
172 2146 184 2193 5
198 2132 255 2181 Non
267 2150 314 2202 ego
324 2135 380 2185 falsa
391 2135 476 2201 loquar
487 2152 494 2185 ι
504 2147 543 2185 ter
554 2150 649 2185 acutum
658 2134 747 2187 sustulit
758 2134 858 2199 ensem,

230 2205 281 2255 Ter
292 2209 353 2257 male
361 2208 454 2258 sublato
464 2206 553 2257 decidit
563 2209 618 2258 ense
630 2226 723 2261 manus.

193 2275 300 2329 Admovi
310 2279 411 2348 jugulo,
426 2281 477 2331 sine
490 2296 529 2330 me
540 2282 582 2331 rlbi
593 2296 651 2333 veta
663 2282 752 2343 fateri,
798 2290 802 2297 '

229 2351 334 2402 Admovi
341 2353 426 2421 jugulo
437 2356 485 2403 tela
495 2365 594 2419 paterna
604 2368 657 2407 tuo.

193 2424 242 2474 Sed
251 2425 324 2477 timor
335 2427 360 2477 ἃ
370 2428 446 2493 pietas
457 2428 594 2479 crudelibus
605 2428 694 2480 obstitit
704 2428 783 2490 ausis,

150 2510 183 2560 50
229 2497 345 2566 Collaque
357 2501 493 2551 mandatum
507 2491 590 2551 dextra
601 2502 690 2570 refugit
703 2518 775 2570 opus.

193 2562 329 2634 Purpureos
340 2574 427 2624 laniata
437 2575 502 2624 sinus
515 2608 522 2631 ‚
534 2576 625 2625 laniata
636 2576 735 2643 capillos
747 2608 756 2635 ,

229 2643 324 2713 Exiguo
333 2646 382 2695 dixi
394 2648 450 2696 talia
458 2648 532 2697 verba
545 2640 619 2700 sono:

191 2716 290 2774 Saevus,
304 2717 490 2786 Hypermnessra
502 2755 510 2779 ,
526 2734 594 2787 pater
607 2720 639 2771 ell
649 2720 692 2771 ribi
704 2735 712 2774 t
723 2718 781 2789 julla
793 2723 910 2790 parentio

228 2789 318 2842 Efficet
330 2795 447 2859 germanis
458 2794 488 2843 sit
500 2790 588 2845 comes
598 2794 638 2845 ille
651 2794 707 2845 suis.

148 2874 180 2924 55
193 2862 290 2913 Femina
298 2866 346 2916 sum
357 2865 383 2916 oc
393 2866 462 2933 virgo
474 2901 481 2925 ,
492 2868 577 2917 naturd
585 2868 647 2918 mitis
658 2868 684 2919 δι
693 2868 758 2918 annis
770 2884 778 2920 ε

227 2936 285 2988 Nou
295 2939 386 2992 lacirmt
397 2941 481 2991 molles
494 2940 525 2991 ad
537 2941 589 2992 iera
599 2945 648 2993 tela
661 2956 754 2995 manus.
789 2938 792 2943 ’
