2034 3709
211 223 495 299 Harornas.
520 226 598 295 ΕΡ.
624 227 692 297 IV.
752 196 817 319 ις’

84 340 116 394 In
126 358 213 395 nemus
223 344 259 395 ire
270 345 346 403 libet,
356 346 490 412 pressisque
500 345 525 395 in
535 345 596 396 retia
607 344 701 402 certis,

125 417 229 467 Hortari
240 420 333 468 celeres
343 436 387 486 pet
396 418 452 487 juga
463 418 551 469 summa
560 432 648 467 canes:

84 490 138 540 Aut
146 492 279 541 tremulum
288 490 384 542 excusso
393 490 500 556 jaculum
508 492 604 541 vibrate
615 492 707 543 lacerto
716 504 728 551 3

123 563 176 614 Aut
188 564 214 613 in
228 565 348 632 graminea
361 580 454 631 ponere
467 582 557 630 corpus
571 565 654 613 humo.
806 560 810 565 ’

84 635 158 702 Saepe
168 635 240 700 juvat
250 637 344 687 versare
355 639 423 688 leves
433 638 457 688 in
468 639 569 704 pulvere
581 652 681 695 curtus,
809 653 844 705 45

122 710 295 777 Torquentem
307 711 380 761 scenis
391 728 433 760 ota
444 711 551 777 sequacIs
561 710 627 776 equi.

83 782 158 832 Nunc
174 782 258 842 seror,
270 794 296 833 ut
306 784 395 834 Bacchi
405 783 474 835 suciis
482 782 607 833 Eleleides
617 781 690 841 ailae,

123 854 240 923 Quaeque
251 857 292 905 sub
302 857 370 907 ldaeo
378 870 493 925 tympana
503 858 568 907 colle
579 868 691 907 movent:
736 906 742 917 ,

84 927 137 980 Aut
148 946 209 995 quas
221 930 330 981 fetideae
340 930 471 998 Dryades,
482 930 606 996 Faunique
617 930 745 987 bicornes.

122 1002 232 1052 Numine
243 1003 364 1053 contesias
373 1016 502 1054 attonuere
513 1004 564 1053 suo.
812 1020 847 1073 50
905 1030 907 1034 ·

84 1075 200 1141 Namque
210 1077 268 1126 milti
277 1076 403 1136 referunt,
415 1094 470 1127 cum
479 1077 503 1127 se
515 1077 581 1129 sutor
591 1076 632 1126 ille
643 1075 744 1136 remisit,

123 1148 215 1199 Omnia
226 1166 234 1199 ε
245 1166 283 1199 me
296 1151 393 1201 tacitam
404 1150 513 1201 conscius
523 1149 571 1201 urit
582 1166 658 1199 antor.

84 1221 200 1272 Forsitan
211 1223 275 1273 hunc
286 1226 381 1291 generis
391 1224 443 1273 sato
452 1223 580 1274 reddamus
591 1237 716 1278 amotem;

122 1295 155 1345 Et
168 1296 256 1348 Venus
267 1313 281 1346 e
291 1297 344 1347 toti
353 1310 427 1364 gente
436 1297 526 1347 tributa
536 1307 614 1361 petat.
833 1330 836 1335 ,

83 1366 199 1434 Juppiter
209 1370 325 1436 Europen
336 1365 430 1436 (prima
440 1369 475 1419 est
485 1386 513 1419 ea
524 1368 602 1435 gentis
613 1366 701 1435 otigo)
811 1394 844 1447 55

122 1442 236 1502 Dilexit,
251 1456 323 1493 tauro
332 1443 495 1493 dissimulante
507 1442 600 1493 Deum.

83 1512 205 1581 Pasiphai
217 1531 313 1575 mater,
326 1516 432 1583 decepto
444 1515 535 1565 subdita
549 1528 635 1571 tauto,

122 1588 200 1637 Enixa
213 1589 247 1638 est
258 1602 329 1640 utero
340 1591 431 1639 crimen
444 1588 551 1654 onusque
564 1586 615 1637 suo.

83 1660 197 1712 Perfidus
207 1661 326 1730 AEgides‚
337 1663 450 1713 ducentia
458 1661 499 1710 fila
510 1661 620 1719 secutus,

122 1735 206 1785 Curva
218 1751 279 1785 meae
289 1736 350 1804 sugit
360 1735 424 1785 testa
434 1734 522 1785 sororis
535 1750 592 1798 ope.
808 1736 846 1791 60

83 1808 121 1859 En
135 1825 183 1875 ego
195 1826 276 1868 nunc,
288 1826 319 1859 ne
330 1809 394 1859 sorte
405 1825 487 1874 partim
499 1796 597 1857 Minoia
609 1804 711 1864 credar,

122 1882 153 1931 ln
161 1882 242 1932 'socias
253 1884 335 1949 leges,
347 1882 430 1931 ultima
440 1881 536 1947 gentis,
549 1896 589 1929 eo.

82 1954 144 2004 Hoc
155 1972 253 2022 quoque
265 1956 337 2005 satale
348 1954 381 2004 esi
393 1970 400 2004 z
414 1954 504 2020 placuit
516 1952 600 2002 domus
610 1968 657 2000 una
669 1949 769 2001 duabus·

15 2065 16 2084 t
72 2062 76 2068 -
120 2029 168 2078 Me
179 2042 221 2079 tua
231 2027 308 2079 sorma
320 2030 397 2093 capit,
408 2038 478 2092 capta
489 2038 589 2091 parente
601 2024 678 2075 soror.

82 2102 207 2153 Thesides
218 2101 374 2167 Theseusque
385 2100 444 2150 duas
453 2115 556 2165 rapuere
568 2098 680 2147 sorores:
811 2090 828 2143 6
830 2104 845 2157 5

119 2176 211 2226 Ponite
223 2175 254 2224 de
264 2174 342 2225 nostri
351 2175 407 2224 bina
416 2186 508 2237 tropaea
519 2171 602 2221 domo.

83 2250 228 2315 Tempore,
241 2264 290 2315 quo
300 2248 369 2298 vobis
378 2247 437 2296 inita
447 2246 480 2295 etl
491 2244 599 2295 Cerealis
610 2240 723 2301 Eleusin,

123 2322 221 2374 Gnosia
235 2338 275 2371 me
288 2322 377 2370 vellem
391 2318 528 2371 detinuisset
538 2318 634 2367 humus.

84 2397 157 2447 Tunc
165 2395 224 2446 mihi
232 2393 354 2462 praecipue
366 2391 430 2458 (nec
441 2409 489 2443 non
499 2405 580 2441 tamen
589 2390 663 2457 ante)
675 2387 796 2457 placebas:

119 2468 349 2521 Acerinextremis
359 2467 452 2517 ossibus
462 2465 531 2515 ltaesit
540 2480 616 2513 arnor.
808 2468 844 2520 70

83 2544 195 2594 Candida
205 2542 277 2593 vestis
288 2553 358 2599 erat,
369 2539 489 2606 praecinsli
498 2538 559 2588 slore
569 2534 649 2603 capilli
659 2550 667 2586 a

120 2618 195 2667 Flava
207 2614 362 2667 verecundus
372 2614 476 2663 tinxerat
486 2628 528 2661 ota
538 2612 621 2661 rubor.

85 2691 215 2758 Quemque
223 2701 315 2740 vocant
323 2687 376 2736 alia
384 2687 476 2735 vultum
486 2685 634 2752 rigidumque
642 2694 794 2747 trucemque,

123 2764 170 2814 Pro
183 2763 284 2831 rigido,
299 2758 403 2813 Plaaedti
410 2756 510 2825 judice,
523 2758 591 2809 sortis
602 2771 663 2807 erat.

84 2838 138 2890 sint
147 2839 234 2902 procul
244 2855 259 2886 a
270 2836 341 2886 nobis
352 2833 452 2900 juvenes
461 2867 469 2891 ,
478 2844 505 2881 ut
516 2831 620 2889 semina,
632 2826 721 2881 comsit
805 2850 822 2903 7
826 2849 842 2904 5

118 2912 179 2967 Fine
193 2911 243 2966 coli
252 2909 351 2963 modico
360 2907 437 2962 forma
445 2904 520 2960 virilis
531 2915 604 2960 amat.
