<?xml version="1.0" encoding="UTF-8"?>
<!DOCTYPE html PUBLIC "-//W3C//DTD XHTML 1.0 Transitional//EN"
    "http://www.w3.org/TR/xhtml1/DTD/xhtml1-transitional.dtd">
<html xmlns="http://www.w3.org/1999/xhtml" xml:lang="en" lang="en">
 <head>
  <title>
</title>
<meta http-equiv="Content-Type" content="text/html;charset=utf-8" />
  <meta name='ocr-system' content='tesseract 3.04.00' />
  <meta name='ocr-capabilities' content='ocr_page ocr_carea ocr_par ocr_line ocrx_word'/>
</head>
<body>
  <div class='ocr_page' id='page_1' title='image "./povidiinasoniso07ovidgoog_0092.png"; bbox 0 0 2034 3709; ppageno 0'>
   <div class='ocr_carea' id='block_1_1' title="bbox 146 269 818 346">
    <p class='ocr_par' dir='ltr' id='par_1_1' title="bbox 146 269 818 346">
     <span class='ocr_line' id='line_1_1' title="bbox 146 269 818 346; baseline 0.003 -2"><span class='ocrx_word' id='word_1_1' title='bbox 146 337 151 344; x_wconf 90' lang='lat'>.</span> <span class='ocrx_word' id='word_1_2' title='bbox 217 273 265 344; x_wconf 87' lang='lat'>68</span> <span class='ocrx_word' id='word_1_3' title='bbox 317 271 359 339; x_wconf 89' lang='lat' dir='ltr'>P.</span> <span class='ocrx_word' id='word_1_4' title='bbox 384 269 570 341; x_wconf 74' lang='lat' dir='ltr'>Orrorr</span> <span class='ocrx_word' id='word_1_5' title='bbox 593 272 818 346; x_wconf 74' lang='lat' dir='ltr'><em>NASONIS</em></span> 
     </span>
    </p>
   </div>
   <div class='ocr_carea' id='block_1_2' title="bbox 159 389 917 1117">
    <p class='ocr_par' dir='ltr' id='par_1_2' title="bbox 159 389 917 1117">
     <span class='ocr_line' id='line_1_2' title="bbox 182 389 801 453; baseline 0.002 -11"><span class='ocrx_word' id='word_1_6' title='bbox 182 445 188 452; x_wconf 72' lang='grc'><strong>,</strong></span> <span class='ocrx_word' id='word_1_7' title='bbox 218 393 244 444; x_wconf 79' lang='lat' dir='ltr'>si</span> <span class='ocrx_word' id='word_1_8' title='bbox 252 405 301 442; x_wconf 92' lang='lat' dir='ltr'>tam</span> <span class='ocrx_word' id='word_1_9' title='bbox 313 404 394 442; x_wconf 76' lang='lat' dir='ltr'>cernat</span> <span class='ocrx_word' id='word_1_10' title='bbox 404 391 522 441; x_wconf 67' lang='lat' dir='ltr'>machine</span> <span class='ocrx_word' id='word_1_11' title='bbox 530 389 581 448; x_wconf 86' lang='lat' dir='ltr'>ire,</span> <span class='ocrx_word' id='word_1_12' title='bbox 593 389 722 442; x_wconf 74' lang='lat' dir='ltr'>modesliris</span> <span class='ocrx_word' id='word_1_13' title='bbox 731 392 784 444; x_wconf 83' lang='lat' dir='ltr'>isses</span> <span class='ocrx_word' id='word_1_14' title='bbox 791 412 801 453; x_wconf 73' lang='grc' dir='ltr'><strong>ς</strong></span> 
     </span>
     <span class='ocr_line' id='line_1_3' title="bbox 160 463 785 530; baseline 0.003 -16"><span class='ocrx_word' id='word_1_15' title='bbox 160 478 210 514; x_wconf 79' lang='lat' dir='ltr'>roo</span> <span class='ocrx_word' id='word_1_16' title='bbox 256 466 288 516; x_wconf 79' lang='lat' dir='ltr'>lit</span> <span class='ocrx_word' id='word_1_17' title='bbox 301 463 374 515; x_wconf 75' lang='lat' dir='ltr'>modo</span> <span class='ocrx_word' id='word_1_18' title='bbox 384 463 478 514; x_wconf 80' lang='lat' dir='ltr'>dixisses</span> <span class='ocrx_word' id='word_1_19' title='bbox 489 481 498 522; x_wconf 71' lang='grc' dir='ltr'>ς</span> <span class='ocrx_word' id='word_1_20' title='bbox 513 463 585 514; x_wconf 83' lang='lat' dir='ltr'>Lesbi</span> <span class='ocrx_word' id='word_1_21' title='bbox 603 466 703 530; x_wconf 86' lang='lat' dir='ltr'>puella,</span> <span class='ocrx_word' id='word_1_22' title='bbox 715 468 785 516; x_wconf 80' lang='lat' dir='ltr'>vale.</span> 
     </span>
     <span class='ocr_line' id='line_1_4' title="bbox 218 535 856 604; baseline 0.005 -15"><span class='ocrx_word' id='word_1_23' title='bbox 218 540 276 589; x_wconf 83' lang='lat' dir='ltr'>Non</span> <span class='ocrx_word' id='word_1_24' title='bbox 284 551 368 590; x_wconf 79' lang='lat' dir='ltr'>tetum</span> <span class='ocrx_word' id='word_1_25' title='bbox 375 539 492 604; x_wconf 74' lang='lat' dir='ltr'>lacrymas</span> <span class='ocrx_word' id='word_1_26' title='bbox 502 570 511 594; x_wconf 86' lang='lat'>,</span> <span class='ocrx_word' id='word_1_27' title='bbox 521 553 571 586; x_wconf 87' lang='lat' dir='ltr'>non</span> <span class='ocrx_word' id='word_1_28' title='bbox 580 535 660 587; x_wconf 85' lang='lat' dir='ltr'>oscula</span> <span class='ocrx_word' id='word_1_29' title='bbox 673 538 762 588; x_wconf 89' lang='lat' dir='ltr'>summa</span> <span class='ocrx_word' id='word_1_30' title='bbox 773 537 856 592; x_wconf 74' lang='lat' dir='ltr'>tulisti.</span> 
     </span>
     <span class='ocr_line' id='line_1_5' title="bbox 255 610 766 678; baseline -0.002 -16"><span class='ocrx_word' id='word_1_31' title='bbox 255 612 370 678; x_wconf 83' lang='lat' dir='ltr'>Denique</span> <span class='ocrx_word' id='word_1_32' title='bbox 378 627 428 660; x_wconf 91' lang='lat' dir='ltr'>non</span> <span class='ocrx_word' id='word_1_33' title='bbox 436 610 520 668; x_wconf 64' lang='lat' dir='ltr'>tonui,</span> <span class='ocrx_word' id='word_1_34' title='bbox 532 610 598 676; x_wconf 87' lang='lat' dir='ltr'>quod</span> <span class='ocrx_word' id='word_1_35' title='bbox 608 611 712 660; x_wconf 78' lang='lat' dir='ltr'>dolitura</span> <span class='ocrx_word' id='word_1_36' title='bbox 720 613 766 661; x_wconf 88' lang='lat' dir='ltr'>sui.</span> 
     </span>
     <span class='ocr_line' id='line_1_6' title="bbox 218 682 917 749; baseline 0.004 -14"><span class='ocrx_word' id='word_1_37' title='bbox 218 685 262 736; x_wconf 83' lang='lat' dir='ltr'>Nil</span> <span class='ocrx_word' id='word_1_38' title='bbox 271 685 302 735; x_wconf 89' lang='lat' dir='ltr'>de</span> <span class='ocrx_word' id='word_1_39' title='bbox 315 697 341 735; x_wconf 87' lang='lat' dir='ltr'>te</span> <span class='ocrx_word' id='word_1_40' title='bbox 355 700 450 734; x_wconf 86' lang='lat' dir='ltr'>mecum</span> <span class='ocrx_word' id='word_1_41' title='bbox 461 684 510 742; x_wconf 83' lang='lat' dir='ltr'>est,</span> <span class='ocrx_word' id='word_1_42' title='bbox 525 684 572 732; x_wconf 87' lang='lat' dir='ltr'>nisi</span> <span class='ocrx_word' id='word_1_43' title='bbox 585 682 677 734; x_wconf 75' lang='lat' dir='ltr'>tantum</span> <span class='ocrx_word' id='word_1_44' title='bbox 693 683 796 749; x_wconf 86' lang='lat' dir='ltr'>injuria:</span> <span class='ocrx_word' id='word_1_45' title='bbox 810 703 856 737; x_wconf 88' lang='lat' dir='ltr'>nec</span> <span class='ocrx_word' id='word_1_46' title='bbox 866 698 917 748; x_wconf 87' lang='lat' dir='ltr'>tu,</span> 
     </span>
     <span class='ocr_line' id='line_1_7' title="bbox 254 756 813 824; baseline -0.002 -15"><span class='ocrx_word' id='word_1_47' title='bbox 254 759 394 810; x_wconf 76' lang='lat' dir='ltr'><strong>Admoneat</strong></span> <span class='ocrx_word' id='word_1_48' title='bbox 402 757 467 823; x_wconf 84' lang='lat' dir='ltr'>quod</span> <span class='ocrx_word' id='word_1_49' title='bbox 474 769 518 816; x_wconf 87' lang='lat' dir='ltr'>te,</span> <span class='ocrx_word' id='word_1_50' title='bbox 528 756 613 824; x_wconf 79' lang='lat' dir='ltr'>pignus</span> <span class='ocrx_word' id='word_1_51' title='bbox 622 758 720 806; x_wconf 86' lang='lat' dir='ltr'>amantis</span> <span class='ocrx_word' id='word_1_52' title='bbox 727 759 813 810; x_wconf 71' lang='lat' dir='ltr'>hebes.</span> 
     </span>
     <span class='ocr_line' id='line_1_8' title="bbox 159 829 892 895; baseline 0.004 -15"><span class='ocrx_word' id='word_1_53' title='bbox 159 843 208 894; x_wconf 85' lang='lat'>105</span> <span class='ocrx_word' id='word_1_54' title='bbox 218 832 277 882; x_wconf 83' lang='lat' dir='ltr'>Non</span> <span class='ocrx_word' id='word_1_55' title='bbox 286 832 396 881; x_wconf 82' lang='lat' dir='ltr'>mandata</span> <span class='ocrx_word' id='word_1_56' title='bbox 404 830 461 880; x_wconf 89' lang='lat' dir='ltr'>dedi</span> <span class='ocrx_word' id='word_1_57' title='bbox 471 845 479 880; x_wconf 79' lang='lat' dir='ltr'>t</span> <span class='ocrx_word' id='word_1_58' title='bbox 490 829 643 895; x_wconf 83' lang='lat' dir='ltr'>nequeenim</span> <span class='ocrx_word' id='word_1_59' title='bbox 651 831 762 880; x_wconf 83' lang='lat' dir='ltr'>mandata</span> <span class='ocrx_word' id='word_1_60' title='bbox 775 832 892 883; x_wconf 74' lang='lat' dir='ltr'>dedissem</span> 
     </span>
     <span class='ocr_line' id='line_1_9' title="bbox 254 902 793 966; baseline -0.002 -11"><span class='ocrx_word' id='word_1_61' title='bbox 254 905 328 963; x_wconf 89' lang='lat' dir='ltr'>Ulla,</span> <span class='ocrx_word' id='word_1_62' title='bbox 341 904 387 954; x_wconf 81' lang='lat' dir='ltr'>nisi</span> <span class='ocrx_word' id='word_1_63' title='bbox 398 915 425 952; x_wconf 93' lang='lat' dir='ltr'>ut</span> <span class='ocrx_word' id='word_1_64' title='bbox 439 904 519 952; x_wconf 84' lang='lat' dir='ltr'>nolles</span> <span class='ocrx_word' id='word_1_65' title='bbox 535 903 660 966; x_wconf 76' lang='lat' dir='ltr'>immemor</span> <span class='ocrx_word' id='word_1_66' title='bbox 675 902 722 952; x_wconf 80' lang='lat' dir='ltr'>esse</span> <span class='ocrx_word' id='word_1_67' title='bbox 734 905 793 955; x_wconf 89' lang='lat' dir='ltr'>mei.</span> 
     </span>
     <span class='ocr_line' id='line_1_10' title="bbox 219 974 893 1043; baseline 0.003 -16"><span class='ocrx_word' id='word_1_68' title='bbox 219 976 266 1027; x_wconf 85' lang='lat' dir='ltr'>Per</span> <span class='ocrx_word' id='word_1_69' title='bbox 275 977 335 1035; x_wconf 86' lang='lat' dir='ltr'>tibi,</span> <span class='ocrx_word' id='word_1_70' title='bbox 352 977 393 1043; x_wconf 88' lang='lat' dir='ltr'>qui</span> <span class='ocrx_word' id='word_1_71' title='bbox 405 993 534 1041; x_wconf 77' lang='lat' dir='ltr'><strong>numquam</strong></span> <span class='ocrx_word' id='word_1_72' title='bbox 542 974 615 1043; x_wconf 70' lang='lat' dir='ltr'>longe</span> <span class='ocrx_word' id='word_1_73' title='bbox 624 976 730 1025; x_wconf 87' lang='lat' dir='ltr'>discedat</span> <span class='ocrx_word' id='word_1_74' title='bbox 739 1009 747 1034; x_wconf 93' lang='lat'>‚</span> <span class='ocrx_word' id='word_1_75' title='bbox 757 977 893 1038; x_wconf 77' lang='lat' dir='ltr'><strong>Amorem,</strong></span> 
     </span>
     <span class='ocr_line' id='line_1_11' title="bbox 256 1047 848 1117; baseline 0.003 -18"><span class='ocrx_word' id='word_1_76' title='bbox 256 1049 351 1117; x_wconf 84' lang='lat' dir='ltr'>Perque</span> <span class='ocrx_word' id='word_1_77' title='bbox 366 1047 534 1115; x_wconf 67' lang='lat' dir='ltr'>novennium,</span> <span class='ocrx_word' id='word_1_78' title='bbox 546 1048 642 1099; x_wconf 85' lang='lat' dir='ltr'>numina</span> <span class='ocrx_word' id='word_1_79' title='bbox 655 1047 733 1099; x_wconf 89' lang='lat' dir='ltr'>noslra</span> <span class='ocrx_word' id='word_1_80' title='bbox 743 1082 750 1106; x_wconf 90' lang='lat'>,</span> <span class='ocrx_word' id='word_1_81' title='bbox 760 1051 848 1110; x_wconf 80' lang='lat' dir='ltr'>Deas,</span> 
     </span>
    </p>
   </div>
   <div class='ocr_carea' id='block_1_3' title="bbox 220 1121 1002 1190">
    <p class='ocr_par' dir='ltr' id='par_1_3' title="bbox 220 1121 1002 1190">
     <span class='ocr_line' id='line_1_12' title="bbox 220 1121 1002 1190; baseline -0.005 -18"><span class='ocrx_word' id='word_1_82' title='bbox 220 1121 282 1174; x_wconf 79' lang='lat' dir='ltr'>Crim</span> <span class='ocrx_word' id='word_1_83' title='bbox 292 1123 350 1172; x_wconf 89' lang='lat' dir='ltr'>mihi</span> <span class='ocrx_word' id='word_1_84' title='bbox 358 1122 441 1174; x_wconf 86' lang='lat' dir='ltr'>nescio</span> <span class='ocrx_word' id='word_1_85' title='bbox 449 1123 521 1188; x_wconf 82' lang='lat' dir='ltr'>quis,</span> <span class='ocrx_word' id='word_1_86' title='bbox 532 1121 637 1190; x_wconf 76' lang='lat' dir='ltr'>Fugiunt</span> <span class='ocrx_word' id='word_1_87' title='bbox 647 1131 689 1172; x_wconf 80' lang='lat' dir='ltr'>tun</span> <span class='ocrx_word' id='word_1_88' title='bbox 700 1122 802 1189; x_wconf 83' lang='lat' dir='ltr'>gaudia,</span> <span class='ocrx_word' id='word_1_89' title='bbox 813 1123 895 1184; x_wconf 61' lang='lat' dir='ltr'>dixin</span> <span class='ocrx_word' id='word_1_90' title='bbox 1001 1131 1002 1148; x_wconf 63' lang='lat'><strong>³</strong></span> 
     </span>
    </p>
   </div>
   <div class='ocr_carea' id='block_1_4' title="bbox 157 1194 925 2945">
    <p class='ocr_par' dir='ltr' id='par_1_4' title="bbox 157 1194 925 2945">
     <span class='ocr_line' id='line_1_13' title="bbox 159 1194 765 1261; baseline 0.002 -17"><span class='ocrx_word' id='word_1_91' title='bbox 159 1209 170 1245; x_wconf 85' lang='grc' dir='ltr'><strong>ι</strong></span> <span class='ocrx_word' id='word_1_92' title='bbox 181 1209 212 1244; x_wconf 87' lang='lat'>10</span> <span class='ocrx_word' id='word_1_93' title='bbox 257 1197 313 1246; x_wconf 84' lang='lat' dir='ltr'>Nec</span> <span class='ocrx_word' id='word_1_94' title='bbox 322 1213 362 1246; x_wconf 78' lang='lat' dir='ltr'>nte</span> <span class='ocrx_word' id='word_1_95' title='bbox 372 1197 433 1246; x_wconf 82' lang='lat' dir='ltr'>flere</span> <span class='ocrx_word' id='word_1_96' title='bbox 446 1197 502 1254; x_wconf 83' lang='lat' dir='ltr'>diu,</span> <span class='ocrx_word' id='word_1_97' title='bbox 519 1211 565 1246; x_wconf 89' lang='lat' dir='ltr'>nec</span> <span class='ocrx_word' id='word_1_98' title='bbox 575 1194 678 1261; x_wconf 79' lang='lat' dir='ltr'>potuisse</span> <span class='ocrx_word' id='word_1_99' title='bbox 688 1196 765 1261; x_wconf 82' lang='lat' dir='ltr'>loqui.</span> 
     </span>
     <span class='ocr_line' id='line_1_14' title="bbox 218 1269 836 1336; baseline 0 -16"><span class='ocrx_word' id='word_1_100' title='bbox 218 1269 250 1320; x_wconf 85' lang='lat' dir='ltr'>Et</span> <span class='ocrx_word' id='word_1_101' title='bbox 261 1271 375 1336; x_wconf 73' lang='lat' dir='ltr'>lacrymae</span> <span class='ocrx_word' id='word_1_102' title='bbox 385 1270 486 1318; x_wconf 78' lang='lat' dir='ltr'>deerant</span> <span class='ocrx_word' id='word_1_103' title='bbox 495 1270 573 1318; x_wconf 79' lang='lat' dir='ltr'>oculis</span> <span class='ocrx_word' id='word_1_104' title='bbox 585 1299 592 1326; x_wconf 84' lang='lat'>,</span> <span class='ocrx_word' id='word_1_105' title='bbox 606 1269 633 1318; x_wconf 71' lang='lat' dir='ltr'>dc</span> <span class='ocrx_word' id='word_1_106' title='bbox 645 1269 727 1334; x_wconf 81' lang='lat' dir='ltr'>lingua</span> <span class='ocrx_word' id='word_1_107' title='bbox 736 1270 836 1334; x_wconf 80' lang='lat' dir='ltr'>palato.</span> 
     </span>
     <span class='ocr_line' id='line_1_15' title="bbox 253 1341 746 1410; baseline -0.002 -19"><span class='ocrx_word' id='word_1_108' title='bbox 253 1342 379 1392; x_wconf 65' lang='lat' dir='ltr'>Antinum</span> <span class='ocrx_word' id='word_1_109' title='bbox 393 1342 475 1410; x_wconf 82' lang='lat' dir='ltr'>gelido</span> <span class='ocrx_word' id='word_1_110' title='bbox 485 1342 576 1408; x_wconf 79' lang='lat' dir='ltr'>frigore</span> <span class='ocrx_word' id='word_1_111' title='bbox 590 1341 672 1408; x_wconf 75' lang='lat' dir='ltr'>peslur</span> <span class='ocrx_word' id='word_1_112' title='bbox 683 1353 746 1391; x_wconf 87' lang='lat' dir='ltr'>erat.</span> 
     </span>
     <span class='ocr_line' id='line_1_16' title="bbox 217 1413 896 1485; baseline 0.003 -21"><span class='ocrx_word' id='word_1_113' title='bbox 217 1413 272 1464; x_wconf 85' lang='lat' dir='ltr'>Post</span> <span class='ocrx_word' id='word_1_114' title='bbox 284 1417 354 1481; x_wconf 71' lang='lat' dir='ltr'>quam</span> <span class='ocrx_word' id='word_1_115' title='bbox 367 1414 395 1464; x_wconf 86' lang='lat' dir='ltr'>se</span> <span class='ocrx_word' id='word_1_116' title='bbox 410 1415 483 1464; x_wconf 85' lang='lat' dir='ltr'>dolor</span> <span class='ocrx_word' id='word_1_117' title='bbox 491 1415 586 1464; x_wconf 85' lang='lat' dir='ltr'>invenit</span> <span class='ocrx_word' id='word_1_118' title='bbox 596 1448 603 1473; x_wconf 92' lang='lat'>‚</span> <span class='ocrx_word' id='word_1_119' title='bbox 614 1427 661 1464; x_wconf 74' lang='lat' dir='ltr'>nec</span> <span class='ocrx_word' id='word_1_120' title='bbox 674 1414 775 1480; x_wconf 83' lang='lat' dir='ltr'>peslora</span> <span class='ocrx_word' id='word_1_121' title='bbox 788 1414 896 1485; x_wconf 80' lang='lat' dir='ltr'>plangi,</span> 
     </span>
     <span class='ocr_line' id='line_1_17' title="bbox 254 1487 735 1553; baseline 0 -17"><span class='ocrx_word' id='word_1_122' title='bbox 254 1488 308 1537; x_wconf 87' lang='lat' dir='ltr'>Nec</span> <span class='ocrx_word' id='word_1_123' title='bbox 322 1488 408 1553; x_wconf 84' lang='lat' dir='ltr'>puduit</span> <span class='ocrx_word' id='word_1_124' title='bbox 419 1488 498 1537; x_wconf 76' lang='lat' dir='ltr'>scissis</span> <span class='ocrx_word' id='word_1_125' title='bbox 507 1489 632 1537; x_wconf 80' lang='lat' dir='ltr'>exululare</span> <span class='ocrx_word' id='word_1_126' title='bbox 649 1487 735 1537; x_wconf 79' lang='lat' dir='ltr'>comis.</span> 
     </span>
     <span class='ocr_line' id='line_1_18' title="bbox 159 1559 811 1627; baseline 0.006 -19"><span class='ocrx_word' id='word_1_127' title='bbox 159 1572 168 1608; x_wconf 76' lang='grc' dir='ltr'>ι</span> <span class='ocrx_word' id='word_1_128' title='bbox 179 1573 208 1621; x_wconf 87' lang='lat'>15</span> <span class='ocrx_word' id='word_1_129' title='bbox 221 1559 279 1609; x_wconf 92' lang='lat' dir='ltr'>Non</span> <span class='ocrx_word' id='word_1_130' title='bbox 288 1561 373 1618; x_wconf 82' lang='lat' dir='ltr'>aliter,</span> <span class='ocrx_word' id='word_1_131' title='bbox 383 1564 452 1626; x_wconf 76' lang='lat' dir='ltr'>quam</span> <span class='ocrx_word' id='word_1_132' title='bbox 461 1561 481 1609; x_wconf 85' lang='lat' dir='ltr'>si</span> <span class='ocrx_word' id='word_1_133' title='bbox 490 1561 555 1627; x_wconf 81' lang='lat' dir='ltr'>gnati</span> <span class='ocrx_word' id='word_1_134' title='bbox 563 1561 601 1626; x_wconf 86' lang='lat' dir='ltr'>pia</span> <span class='ocrx_word' id='word_1_135' title='bbox 609 1572 686 1610; x_wconf 88' lang='lat' dir='ltr'>mater</span> <span class='ocrx_word' id='word_1_136' title='bbox 694 1560 786 1612; x_wconf 87' lang='lat' dir='ltr'>ademti</span> <span class='ocrx_word' id='word_1_137' title='bbox 808 1595 811 1602; x_wconf 87' lang='lat'>·</span> 
     </span>
     <span class='ocr_line' id='line_1_19' title="bbox 253 1632 839 1700; baseline 0.003 -18"><span class='ocrx_word' id='word_1_138' title='bbox 253 1632 783 1700; x_wconf 78' lang='lat' dir='ltr'>Portctadexstrusioscorpuainanerogos.</span> <span class='ocrx_word' id='word_1_139' title='bbox 836 1685 839 1689; x_wconf 82' lang='grc'>,</span> 
     </span>
     <span class='ocr_line' id='line_1_20' title="bbox 217 1703 834 1763; baseline 0.006 -9"><span class='ocrx_word' id='word_1_140' title='bbox 217 1706 316 1758; x_wconf 82' lang='lat' dir='ltr'>Gaudet</span> <span class='ocrx_word' id='word_1_141' title='bbox 326 1740 334 1763; x_wconf 92' lang='lat'>,</span> <span class='ocrx_word' id='word_1_142' title='bbox 346 1708 371 1757; x_wconf 78' lang='grc' dir='ltr'>δι</span> <span class='ocrx_word' id='word_1_143' title='bbox 383 1724 397 1756; x_wconf 88' lang='lat' dir='ltr'>e</span> <span class='ocrx_word' id='word_1_144' title='bbox 407 1705 490 1756; x_wconf 86' lang='lat' dir='ltr'>nostro</span> <span class='ocrx_word' id='word_1_145' title='bbox 499 1706 587 1756; x_wconf 86' lang='lat' dir='ltr'>crescit</span> <span class='ocrx_word' id='word_1_146' title='bbox 596 1703 696 1756; x_wconf 76' lang='lat' dir='ltr'>maiore</span> <span class='ocrx_word' id='word_1_147' title='bbox 706 1706 834 1759; x_wconf 76' lang='lat' dir='ltr'>Charaxus</span> 
     </span>
     <span class='ocr_line' id='line_1_21' title="bbox 253 1779 859 1845; baseline 0.008 -17"><span class='ocrx_word' id='word_1_148' title='bbox 253 1779 338 1829; x_wconf 81' lang='lat' dir='ltr'>Frater</span> <span class='ocrx_word' id='word_1_149' title='bbox 350 1796 359 1838; x_wconf 79' lang='lat'>3</span> <span class='ocrx_word' id='word_1_150' title='bbox 371 1779 398 1830; x_wconf 74' lang='grc' dir='ltr'>δι</span> <span class='ocrx_word' id='word_1_151' title='bbox 407 1791 464 1828; x_wconf 84' lang='lat' dir='ltr'>ante</span> <span class='ocrx_word' id='word_1_152' title='bbox 477 1781 564 1828; x_wconf 75' lang='lat' dir='ltr'>oculos</span> <span class='ocrx_word' id='word_1_153' title='bbox 574 1779 642 1845; x_wconf 82' lang='lat' dir='ltr'>itque</span> <span class='ocrx_word' id='word_1_154' title='bbox 653 1779 764 1845; x_wconf 83' lang='lat' dir='ltr'>reditque</span> <span class='ocrx_word' id='word_1_155' title='bbox 775 1797 859 1834; x_wconf 66' lang='lat' dir='ltr'>meos.</span> 
     </span>
     <span class='ocr_line' id='line_1_22' title="bbox 215 1851 799 1918; baseline 0.002 -16"><span class='ocrx_word' id='word_1_156' title='bbox 215 1853 299 1917; x_wconf 87' lang='lat' dir='ltr'>thue</span> <span class='ocrx_word' id='word_1_157' title='bbox 308 1853 419 1918; x_wconf 84' lang='lat' dir='ltr'>pudenda</span> <span class='ocrx_word' id='word_1_158' title='bbox 429 1853 477 1902; x_wconf 87' lang='lat' dir='ltr'>mei</span> <span class='ocrx_word' id='word_1_159' title='bbox 485 1851 598 1902; x_wconf 79' lang='lat' dir='ltr'>videatur</span> <span class='ocrx_word' id='word_1_160' title='bbox 608 1851 677 1902; x_wconf 81' lang='lat' dir='ltr'>causa</span> <span class='ocrx_word' id='word_1_161' title='bbox 689 1852 799 1912; x_wconf 59' lang='lat' dir='ltr'>dolonn</span> 
     </span>
     <span class='ocr_line' id='line_1_23' title="bbox 157 1923 772 1990; baseline 0.007 -18"><span class='ocrx_word' id='word_1_162' title='bbox 157 1936 208 1972; x_wconf 86' lang='lat'>120</span> <span class='ocrx_word' id='word_1_163' title='bbox 255 1925 324 1990; x_wconf 87' lang='lat' dir='ltr'>Quid</span> <span class='ocrx_word' id='word_1_164' title='bbox 340 1926 408 1976; x_wconf 91' lang='lat' dir='ltr'>dolet</span> <span class='ocrx_word' id='word_1_165' title='bbox 420 1925 497 1986; x_wconf 63' lang='lat' dir='ltr'>laec?</span> <span class='ocrx_word' id='word_1_166' title='bbox 511 1923 578 1975; x_wconf 69' lang='lat' dir='ltr'>certe</span> <span class='ocrx_word' id='word_1_167' title='bbox 586 1924 634 1976; x_wconf 83' lang='lat' dir='ltr'>filia</span> <span class='ocrx_word' id='word_1_168' title='bbox 641 1926 717 1984; x_wconf 85' lang='lat' dir='ltr'>vivit,</span> <span class='ocrx_word' id='word_1_169' title='bbox 729 1927 772 1976; x_wconf 84' lang='lat' dir='ltr'>air.</span> 
     </span>
     <span class='ocr_line' id='line_1_24' title="bbox 215 1998 925 2065; baseline 0.006 -17"><span class='ocrx_word' id='word_1_170' title='bbox 215 1999 714 2065; x_wconf 83' lang='lat' dir='ltr'>Nonveniuntinidempudoratqueamor</span> <span class='ocrx_word' id='word_1_171' title='bbox 723 2013 730 2050; x_wconf 79' lang='lat' dir='ltr'>a</span> <span class='ocrx_word' id='word_1_172' title='bbox 739 1998 925 2052; x_wconf 75' lang='lat' dir='ltr'>omnevidebat</span> 
     </span>
     <span class='ocr_line' id='line_1_25' title="bbox 181 2071 818 2142; baseline -0.005 -17"><span class='ocrx_word' id='word_1_173' title='bbox 181 2090 191 2102; x_wconf 82' lang='grc'><em>·</em></span> <span class='ocrx_word' id='word_1_174' title='bbox 252 2073 349 2140; x_wconf 82' lang='lat' dir='ltr'>Vulgus</span> <span class='ocrx_word' id='word_1_175' title='bbox 361 2089 370 2132; x_wconf 70' lang='grc' dir='ltr'><strong><em>ς</em></strong></span> <span class='ocrx_word' id='word_1_176' title='bbox 385 2089 450 2122; x_wconf 89' lang='lat' dir='ltr'>eram</span> <span class='ocrx_word' id='word_1_177' title='bbox 464 2073 547 2122; x_wconf 85' lang='lat' dir='ltr'>lacero</span> <span class='ocrx_word' id='word_1_178' title='bbox 560 2071 643 2142; x_wconf 76' lang='lat' dir='ltr'>peslus</span> <span class='ocrx_word' id='word_1_179' title='bbox 656 2085 739 2136; x_wconf 82' lang='lat' dir='ltr'>aperta</span> <span class='ocrx_word' id='word_1_180' title='bbox 753 2073 818 2123; x_wconf 81' lang='lat' dir='ltr'>sinu.</span> 
     </span>
     <span class='ocr_line' id='line_1_26' title="bbox 215 2143 896 2206; baseline 0.003 -12"><span class='ocrx_word' id='word_1_181' title='bbox 215 2143 255 2194; x_wconf 81' lang='lat' dir='ltr'>Tu</span> <span class='ocrx_word' id='word_1_182' title='bbox 266 2147 325 2196; x_wconf 88' lang='lat' dir='ltr'>mihi</span> <span class='ocrx_word' id='word_1_183' title='bbox 332 2162 390 2197; x_wconf 87' lang='lat' dir='ltr'>cura</span> <span class='ocrx_word' id='word_1_184' title='bbox 400 2178 408 2204; x_wconf 89' lang='lat'>,</span> <span class='ocrx_word' id='word_1_185' title='bbox 417 2144 501 2195; x_wconf 84' lang='lat' dir='ltr'>Phaon</span> <span class='ocrx_word' id='word_1_186' title='bbox 511 2161 517 2195; x_wconf 92' lang='lat'><strong>:</strong></span> <span class='ocrx_word' id='word_1_187' title='bbox 529 2155 554 2194; x_wconf 85' lang='lat' dir='ltr'>te</span> <span class='ocrx_word' id='word_1_188' title='bbox 564 2145 653 2194; x_wconf 85' lang='lat' dir='ltr'>somnia</span> <span class='ocrx_word' id='word_1_189' title='bbox 662 2144 740 2195; x_wconf 83' lang='lat' dir='ltr'>nostra</span> <span class='ocrx_word' id='word_1_190' title='bbox 748 2145 874 2196; x_wconf 87' lang='lat' dir='ltr'>reducunt</span> <span class='ocrx_word' id='word_1_191' title='bbox 884 2163 896 2206; x_wconf 75' lang='lat'>3</span> 
     </span>
     <span class='ocr_line' id='line_1_27' title="bbox 252 2217 681 2268; baseline 0 -2"><span class='ocrx_word' id='word_1_192' title='bbox 252 2217 350 2268; x_wconf 83' lang='lat' dir='ltr'>Somnia</span> <span class='ocrx_word' id='word_1_193' title='bbox 363 2217 470 2268; x_wconf 82' lang='lat' dir='ltr'>formoso</span> <span class='ocrx_word' id='word_1_194' title='bbox 481 2217 621 2268; x_wconf 81' lang='lat' dir='ltr'>candidiora</span> <span class='ocrx_word' id='word_1_195' title='bbox 632 2217 681 2266; x_wconf 87' lang='lat' dir='ltr'>die.</span> 
     </span>
     <span class='ocr_line' id='line_1_28' title="bbox 157 2290 840 2359; baseline 0.009 -20"><span class='ocrx_word' id='word_1_196' title='bbox 157 2303 205 2353; x_wconf 86' lang='lat'>125</span> <span class='ocrx_word' id='word_1_197' title='bbox 218 2290 272 2340; x_wconf 82' lang='lat' dir='ltr'>Illic</span> <span class='ocrx_word' id='word_1_198' title='bbox 286 2303 315 2340; x_wconf 93' lang='lat' dir='ltr'>te</span> <span class='ocrx_word' id='word_1_199' title='bbox 328 2291 448 2349; x_wconf 81' lang='lat' dir='ltr'>invenio,</span> <span class='ocrx_word' id='word_1_200' title='bbox 461 2307 603 2357; x_wconf 76' lang='lat' dir='ltr'>quamquam</span> <span class='ocrx_word' id='word_1_201' title='bbox 613 2290 753 2359; x_wconf 81' lang='lat' dir='ltr'>regionibus</span> <span class='ocrx_word' id='word_1_202' title='bbox 762 2290 840 2346; x_wconf 75' lang='lat' dir='ltr'>absis.</span> 
     </span>
     <span class='ocr_line' id='line_1_29' title="bbox 252 2363 805 2431; baseline 0.004 -19"><span class='ocrx_word' id='word_1_203' title='bbox 252 2363 302 2413; x_wconf 87' lang='lat' dir='ltr'>Sed</span> <span class='ocrx_word' id='word_1_204' title='bbox 312 2379 362 2412; x_wconf 90' lang='lat' dir='ltr'>non</span> <span class='ocrx_word' id='word_1_205' title='bbox 372 2365 445 2431; x_wconf 75' lang='lat' dir='ltr'>longa</span> <span class='ocrx_word' id='word_1_206' title='bbox 457 2364 512 2414; x_wconf 81' lang='lat' dir='ltr'>satis</span> <span class='ocrx_word' id='word_1_207' title='bbox 523 2363 608 2430; x_wconf 82' lang='lat' dir='ltr'>gaudia</span> <span class='ocrx_word' id='word_1_208' title='bbox 618 2364 712 2414; x_wconf 75' lang='lat' dir='ltr'>somnus</span> <span class='ocrx_word' id='word_1_209' title='bbox 719 2363 805 2415; x_wconf 83' lang='lat' dir='ltr'>habet.</span> 
     </span>
     <span class='ocr_line' id='line_1_30' title="bbox 216 2435 794 2501; baseline 0.007 -17"><span class='ocrx_word' id='word_1_210' title='bbox 216 2435 289 2501; x_wconf 78' lang='lat' dir='ltr'>Saepe</span> <span class='ocrx_word' id='word_1_211' title='bbox 297 2448 354 2487; x_wconf 75' lang='lat' dir='ltr'>tuoe</span> <span class='ocrx_word' id='word_1_212' title='bbox 362 2436 441 2487; x_wconf 68' lang='lat' dir='ltr'>nostri</span> <span class='ocrx_word' id='word_1_213' title='bbox 449 2437 547 2488; x_wconf 84' lang='lat' dir='ltr'>cervice</span> <span class='ocrx_word' id='word_1_214' title='bbox 558 2452 660 2488; x_wconf 82' lang='lat' dir='ltr'>onerare</span> <span class='ocrx_word' id='word_1_215' title='bbox 668 2436 794 2494; x_wconf 77' lang='lat' dir='ltr'>lacertos.</span> 
     </span>
     <span class='ocr_line' id='line_1_31' title="bbox 252 2509 715 2575; baseline 0.002 -17"><span class='ocrx_word' id='word_1_216' title='bbox 252 2509 323 2575; x_wconf 82' lang='lat' dir='ltr'>Saepe</span> <span class='ocrx_word' id='word_1_217' title='bbox 334 2522 384 2560; x_wconf 72' lang='lat' dir='ltr'>tua</span> <span class='ocrx_word' id='word_1_218' title='bbox 391 2510 480 2560; x_wconf 86' lang='lat' dir='ltr'>videor</span> <span class='ocrx_word' id='word_1_219' title='bbox 485 2509 629 2575; x_wconf 73' lang='lat' dir='ltr'>supposuisse</span> <span class='ocrx_word' id='word_1_220' title='bbox 638 2525 715 2560; x_wconf 84' lang='lat' dir='ltr'>meos.</span> 
     </span>
     <span class='ocr_line' id='line_1_32' title="bbox 217 2581 821 2648; baseline 0.003 -16"><span class='ocrx_word' id='word_1_221' title='bbox 217 2581 334 2632; x_wconf 83' lang='lat' dir='ltr'>Blandior</span> <span class='ocrx_word' id='word_1_222' title='bbox 343 2583 479 2640; x_wconf 66' lang='lat' dir='ltr'>nundum,</span> <span class='ocrx_word' id='word_1_223' title='bbox 490 2583 606 2648; x_wconf 82' lang='lat' dir='ltr'>verisque</span> <span class='ocrx_word' id='word_1_224' title='bbox 614 2582 733 2634; x_wconf 85' lang='lat' dir='ltr'>simillima</span> <span class='ocrx_word' id='word_1_225' title='bbox 743 2583 821 2634; x_wconf 75' lang='lat' dir='ltr'>verbe</span> 
     </span>
     <span class='ocr_line' id='line_1_33' title="bbox 157 2654 771 2722; baseline 0 -18"><span class='ocrx_word' id='word_1_226' title='bbox 157 2667 207 2719; x_wconf 86' lang='lat'>130</span> <span class='ocrx_word' id='word_1_227' title='bbox 252 2654 360 2721; x_wconf 84' lang='lat' dir='ltr'>Eloquor</span> <span class='ocrx_word' id='word_1_228' title='bbox 370 2671 378 2704; x_wconf 72' lang='grc' dir='ltr'><strong><em>ε</em></strong></span> <span class='ocrx_word' id='word_1_229' title='bbox 390 2656 525 2722; x_wconf 77' lang='lat' dir='ltr'>&amp;vigilant</span> <span class='ocrx_word' id='word_1_230' title='bbox 532 2655 640 2706; x_wconf 80' lang='lat' dir='ltr'>sensibus</span> <span class='ocrx_word' id='word_1_231' title='bbox 649 2671 692 2704; x_wconf 86' lang='lat' dir='ltr'>ora</span> <span class='ocrx_word' id='word_1_232' title='bbox 703 2655 771 2706; x_wconf 77' lang='lat' dir='ltr'>meis.</span> 
     </span>
     <span class='ocr_line' id='line_1_34' title="bbox 217 2727 879 2796; baseline 0.005 -17"><span class='ocrx_word' id='word_1_233' title='bbox 217 2728 308 2779; x_wconf 88' lang='lat' dir='ltr'>Oscula</span> <span class='ocrx_word' id='word_1_234' title='bbox 320 2729 442 2795; x_wconf 76' lang='lat' dir='ltr'>cognosco</span> <span class='ocrx_word' id='word_1_235' title='bbox 457 2761 467 2786; x_wconf 84' lang='lat'>,</span> <span class='ocrx_word' id='word_1_236' title='bbox 485 2745 538 2795; x_wconf 74' lang='lat' dir='ltr'>qua</span> <span class='ocrx_word' id='word_1_237' title='bbox 554 2740 582 2778; x_wconf 84' lang='lat' dir='ltr'>tu</span> <span class='ocrx_word' id='word_1_238' title='bbox 598 2729 749 2782; x_wconf 83' lang='lat' dir='ltr'>committere</span> <span class='ocrx_word' id='word_1_239' title='bbox 764 2727 879 2796; x_wconf 49' lang='lat' dir='ltr'>linguar</span> 
     </span>
     <span class='ocr_line' id='line_1_35' title="bbox 253 2800 801 2868; baseline 0 -18"><span class='ocrx_word' id='word_1_240' title='bbox 253 2801 366 2866; x_wconf 77' lang='lat' dir='ltr'>Aptaque</span> <span class='ocrx_word' id='word_1_241' title='bbox 380 2801 509 2851; x_wconf 74' lang='lat' dir='ltr'>consueras</span> <span class='ocrx_word' id='word_1_242' title='bbox 519 2801 649 2868; x_wconf 78' lang='lat' dir='ltr'>accipere,</span> <span class='ocrx_word' id='word_1_243' title='bbox 665 2813 720 2865; x_wconf 89' lang='lat' dir='ltr'>apta</span> <span class='ocrx_word' id='word_1_244' title='bbox 733 2800 801 2860; x_wconf 79' lang='lat' dir='ltr'>dare.</span> 
     </span>
     <span class='ocr_line' id='line_1_36' title="bbox 173 2871 780 2945; baseline -0.008 -20"><span class='ocrx_word' id='word_1_245' title='bbox 173 2939 178 2945; x_wconf 32' lang='lat'><em>¹</em></span> <span class='ocrx_word' id='word_1_246' title='bbox 216 2872 342 2925; x_wconf 84' lang='lat' dir='ltr'>Ulteriora</span> <span class='ocrx_word' id='word_1_247' title='bbox 350 2873 426 2939; x_wconf 82' lang='lat' dir='ltr'>pudet</span> <span class='ocrx_word' id='word_1_248' title='bbox 435 2890 547 2931; x_wconf 59' lang='lat' dir='ltr'>narratu</span> <span class='ocrx_word' id='word_1_249' title='bbox 559 2874 600 2924; x_wconf 90' lang='lat' dir='ltr'>sed</span> <span class='ocrx_word' id='word_1_250' title='bbox 613 2871 780 2930; x_wconf 73' lang='lat' dir='ltr'>omniasiunt,</span> 
     </span>
    </p>
   </div>
   <div class='ocr_carea' id='block_1_5' title="bbox 253 2943 783 3014">
    <p class='ocr_par' dir='ltr' id='par_1_5' title="bbox 253 2943 783 3014">
     <span class='ocr_line' id='line_1_37' title="bbox 253 2943 783 3014; baseline 0.008 -17"><span class='ocrx_word' id='word_1_251' title='bbox 253 2945 285 2997; x_wconf 87' lang='lat' dir='ltr'>Et</span> <span class='ocrx_word' id='word_1_252' title='bbox 292 2945 361 3014; x_wconf 74' lang='lat' dir='ltr'>jurat</span> <span class='ocrx_word' id='word_1_253' title='bbox 372 2978 381 3006; x_wconf 90' lang='lat'>,</span> <span class='ocrx_word' id='word_1_254' title='bbox 392 2946 420 2999; x_wconf 77' lang='grc' dir='ltr'>δι</span> <span class='ocrx_word' id='word_1_255' title='bbox 432 2946 484 2999; x_wconf 80' lang='lat' dir='ltr'>sine</span> <span class='ocrx_word' id='word_1_256' title='bbox 497 2959 525 3001; x_wconf 83' lang='lat' dir='ltr'>te</span> <span class='ocrx_word' id='word_1_257' title='bbox 533 2962 583 3002; x_wconf 87' lang='lat' dir='ltr'>nou</span> <span class='ocrx_word' id='word_1_258' title='bbox 591 2946 651 3000; x_wconf 84' lang='lat' dir='ltr'>libet</span> <span class='ocrx_word' id='word_1_259' title='bbox 660 2943 783 3014; x_wconf 74' lang='lat' dir='ltr'>eslernilri.¹</span> 
     </span>
    </p>
   </div>
   <div class='ocr_carea' id='block_1_6' title="bbox 0 0 1022 3709">
    <p class='ocr_par' dir='ltr' id='par_1_6' title="bbox 0 0 1022 3709">
     <span class='ocr_line' id='line_1_38' title="bbox 0 0 1022 3709; baseline 0 0"><span class='ocrx_word' id='word_1_260' title='bbox 0 0 1022 3709; x_wconf 95' lang='lat' dir='ltr'> </span> 
     </span>
    </p>
   </div>
  </div>
 </body>
</html>
