2034 3709
203 237 279 307 266
330 235 537 306 OVIDII
564 234 822 304 Niconis

201 358 255 408 Nec
272 354 378 406 moriens
391 355 460 405 Dido
476 354 565 404 summi
579 353 672 405 vidisset
687 356 717 403 ab
733 372 792 406 arce

238 428 391 480 Dardanidas
406 441 484 479 vento
498 429 555 479 vela
572 427 660 477 dedisse
677 441 753 480 rates.

201 504 255 555 Nec
271 503 343 552 dolor
357 502 467 552 amasset
483 513 569 552 contra
584 501 626 550 sua
641 501 734 551 viscera
750 514 876 565 matrem3

157 576 192 628 60
238 576 303 642 Quae
318 576 378 626 socii
393 576 482 627 damno
497 574 617 643 sanguinis
634 576 685 625 ulta
700 576 779 626 virum
795 578 840 627 est.

200 650 263 703 Arte
279 649 334 699 med
347 649 465 707 Tereus,
478 648 585 715 quamvis
601 646 735 699 Philomela
752 652 885 719 placeret,

237 722 285 774 Per
301 723 394 773 facinus
410 721 463 772 sieri
478 740 528 773 nou
545 721 667 771 meruisset
683 723 744 772 avis.

200 796 242 846 Da
257 795 316 846 mihi
330 794 482 862 Pasiphaen,
503 794 553 862 jam
569 796 633 845 tauri
649 808 727 862 ponet
741 813 873 849 amorem:

237 870 278 920 Da
293 868 418 919 Phaedram
431 902 441 928 ,
456 869 564 920 Pbaedrae
580 869 657 936 turpis
674 870 750 920 abibit
766 888 846 922 amor.

156 942 190 1007 65
201 943 290 995 Redde
307 941 378 994 Parin
392 944 482 1003 nobis,
502 943 618 993 Helenen
633 942 763 993 Menelaiis
780 946 904 997 habebit:
1005 956 1006 959 ’

237 1018 292 1068 Nec
309 1016 419 1068 manibus
434 1016 530 1067 Danais
545 1015 661 1084 Pergama
676 1016 739 1067 vitta
755 1018 857 1071 cadent.

202 1090 277 1157 Impia
293 1090 315 1139 si
330 1088 425 1141 nostros
441 1089 536 1159 legisset
551 1090 634 1159 Scylla
649 1090 766 1152 libellos3

239 1162 352 1215 Hesid'et
368 1164 442 1231 capiti
457 1180 582 1231 purpura,
602 1162 681 1224 Nise,
698 1176 753 1215 tuo.

201 1237 247 1289 Me
264 1237 345 1299 duce,
360 1238 484 1288 damnosas
494 1238 647 1296 ,hominen
664 1237 814 1304 compescite
831 1255 923 1293 curas:

157 1325 193 1375 70
238 1310 363 1378 Redaque
380 1328 435 1361 cum
450 1310 541 1370 sociis,
557 1327 597 1361 me
612 1311 695 1369 duce,
711 1314 779 1362 navis
796 1325 848 1361 eat.

202 1384 268 1437 Naso
284 1384 402 1451 legendus
420 1397 493 1443 erat,
511 1397 571 1435 tunc
588 1382 642 1434 crim
660 1383 772 1435 didicistis
789 1402 894 1437 amate:

239 1457 308 1507 Idem
323 1474 387 1508 nunc
403 1458 475 1510 vobis
490 1458 556 1508 Naso
573 1456 691 1525 legendus
707 1458 764 1509 erit.

203 1530 318 1583 Publicus
333 1531 433 1581 assertor
449 1530 554 1583 dominis
571 1529 680 1597 oppressa
697 1531 788 1581 levabo

240 1603 343 1655 Pedion
357 1621 365 1657 r
381 1604 492 1656 vindiuae
507 1605 608 1673 quisque
626 1604 708 1653 favete
724 1604 783 1657 suae.

159 1690 194 1741 75
203 1676 244 1729 Te
257 1696 366 1743 precor,
382 1677 550 1738 Arcitenens,
568 1678 631 1728 adsit
645 1689 688 1727 tua
704 1678 787 1729 laurea
803 1678 899 1733 nobisr

243 1750 361 1802 Carminis
377 1752 405 1803 dc
417 1753 542 1811 medicae,
559 1750 671 1807 Phoebe,
689 1765 804 1817 repertor
821 1754 889 1820 opis.

168 1872 172 1879 .
205 1826 247 1876 Tu
262 1825 353 1891 pariter
368 1824 436 1883 vati,
453 1826 546 1892 pariter
562 1824 674 1875 succurre
689 1825 820 1885 medenti:

242 1898 353 1965 Utraque
368 1899 453 1949 tutelae
467 1898 560 1948 subdita
577 1916 635 1948 cura
649 1911 709 1949 tuae.

206 1974 273 2025 Dum
290 1973 369 2028 licet,
386 1972 412 2022 dc
428 1973 518 2022 modici
533 1984 636 2039 tangunt
652 1970 786 2037 precordia
800 1984 908 2032 motu33

102 2075 104 2082 ·
164 2045 199 2094 80
244 2046 271 2095 si
286 2046 371 2113 piget,
389 2046 414 2095 in
430 2046 507 2112 primo
525 2044 606 2095 limine
624 2042 679 2095 siste
695 2046 793 2112 pedem.

208 2119 342 2187 Opprime,
354 2120 410 2169 dum
420 2136 483 2169 nova
493 2118 561 2177 sunt,
574 2118 643 2168 subiti
653 2120 714 2168 mala
725 2118 813 2169 semina
822 2118 903 2169 morbi
916 2136 930 2177 3

246 2193 278 2242 Et
293 2207 368 2252 tuus,
387 2192 506 2258 incipiens
521 2192 577 2251 ire,
594 2192 687 2242 resistat
701 2207 786 2257 equus.

209 2267 273 2317 Nam
283 2283 350 2317 mora
361 2267 402 2316 det
411 2265 476 2317 vires
488 2282 497 2318 r
508 2277 607 2316 teneras
618 2282 694 2320 mord
700 2264 830 2332 percoquit
841 2282 904 2317 uvas
915 2263 939 2327 ς’

246 2339 279 2389 Et
293 2340 385 2390 validas
399 2338 513 2407 segetes,
531 2338 598 2405 quod
613 2338 658 2389 fuit
671 2338 765 2399 herba,
782 2338 855 2391 facit.

168 2412 200 2477 85
213 2411 276 2477 Quae
291 2414 386 2478 praebet
401 2414 462 2463 latas
476 2414 549 2463 arbor
566 2412 720 2478 spatiantibus
736 2413 852 2472 umbras,

248 2484 308 2550 Quo
323 2487 403 2552 posite
419 2486 453 2536 est
467 2484 568 2553 primdm
584 2500 713 2552 tempore,
729 2486 797 2554 virga
814 2486 872 2537 suit.
927 2494 930 2499 '

211 2560 276 2611 Tum
294 2572 392 2625 poterat
407 2562 515 2613 manibus
531 2560 619 2610 summd
634 2560 724 2609 tellure
740 2558 850 2618 revelli3

249 2634 322 2684 Nunc
338 2632 382 2685 stat
397 2633 423 2683 in
437 2634 575 2684 immensum
592 2634 681 2683 viribus
697 2633 766 2683 audie
782 2632 841 2683 suis.
875 2698 877 2705 Α

213 2706 295 2771 Quale
304 2706 335 2757 tit
344 2707 368 2756 id
378 2742 386 2766 ,
397 2708 462 2774 quod
473 2724 554 2764 amas,
567 2708 641 2757 celeri
653 2705 807 2774 circumspice
818 2718 903 2758 ruente
915 2720 930 2759 τ’

168 2793 204 2847 90
249 2781 282 2831 Et
297 2792 339 2831 tua
353 2780 438 2831 laesuro
453 2778 563 2832 subtrahe
580 2781 643 2831 colla
659 2778 733 2847 jug-n

212 2854 338 2921 Principiis
352 2854 417 2905 obsta
432 2871 439 2905 ε
455 2853 509 2905 serd
524 2854 641 2905 medicina
659 2866 775 2919 paranti,

187 2992 199 3006 ,
250 2925 313 2981 Ciun
327 2931 388 2982 mala
403 2929 550 2999 perlongus
566 2929 712 2982 convaluere
727 2942 818 2981 motas.
