2034 3709
154 269 320 339 Lrnrn
345 271 376 341 1.
400 273 596 344 Euroia
623 277 692 349 VI.
732 297 806 373 127
902 261 907 276 ’

87 391 144 440 Non
159 405 210 458 ogo
227 389 343 440 militibus
357 389 432 440 venio
449 391 579 442 comitatus
595 391 622 443 dt
640 392 730 447 armis:

122 464 195 514 Solus
208 479 296 522 eram,
315 463 337 512 si
353 479 403 513 non
418 463 494 514 saevus
509 465 602 516 adesset
616 464 701 517 Amor.

90 536 157 586 uum
167 552 219 604 ego
229 569 238 595 ,
257 537 279 586 si
289 536 382 602 cupiunt
393 570 402 595 ,
418 554 536 603 nusquam
548 538 668 590 dimittere
679 541 779 608 possim.
810 557 842 608 35

122 610 188 660 Ante
204 610 249 659 vel
264 627 280 659 a
292 610 404 660 membris
421 609 513 662 dividar
528 611 578 677 ipse
595 612 664 664 meis.

92 684 151 750 Ergo
163 682 261 741 Amor,
280 683 306 734 dt
317 683 438 734 modicum
452 685 517 734 cirea
527 701 581 736 meu
594 697 706 754 tempora
719 688 801 739 vinum

122 755 225 806 Mecum
241 756 294 815 eii,
315 756 343 807 δι
359 756 459 808 madidis
475 757 540 824 lipsa
558 775 649 810 corona
667 761 752 812 comis.

90 827 159 878 Arma
175 829 230 896 quis
244 830 297 880 haec
311 829 420 880 timeat?
437 831 490 897 quis
504 847 554 881 non
567 843 612 898 pat
626 833 711 884 obvius
728 833 799 885 illis?

122 901 247 970 Tempora
262 902 339 953 nonis
353 915 413 954 eunt
427 917 436 954 t
453 916 542 955 excute
558 904 624 972 posse
641 905 725 957 serem.
808 924 843 970 40

91 973 179 1025 Lentus
189 992 217 1028 es
229 974 241 1025 i
257 994 287 1026 an
298 976 413 1037 somnus,
428 976 503 1044 quise
515 979 576 1028 male
586 979 680 1046 prebet
689 981 778 1031 amanti
790 1015 798 1040 ,

122 1050 207 1098 Verba
223 1049 302 1100 datin
317 1061 406 1102 ventos
421 1066 481 1100 eure
497 1051 593 1118 repulsa
608 1049 679 1102 tud?

86 1120 120 1170 At
136 1119 147 1186 (
161 1123 284 1190 memini)
302 1121 398 1188 primd,
417 1120 477 1174 edm
486 1135 512 1174 te
529 1125 610 1176 celare
626 1125 751 1186 solebam,

122 1193 226 1264 Pervigil
241 1196 266 1246 in
281 1196 366 1248 medie
382 1195 463 1248 sidere
478 1195 556 1248 nodis
572 1213 636 1249 eras.

87 1268 195 1320 Forsitan
212 1270 337 1320 &tecum
352 1281 396 1320 tua
407 1285 473 1320 nunc
486 1269 617 1338 requiescit
632 1269 720 1324 amica.
806 1287 840 1335 45

122 1341 178 1393 Heu
194 1342 201 1391 l
220 1344 307 1395 melior
323 1355 414 1410 quanto
429 1343 480 1394 sors
497 1356 540 1396 tur
556 1343 621 1396 sorte
636 1343 711 1396 mei!

86 1414 225 1466 Dummodo
241 1416 296 1476 sic,
312 1415 338 1466 in
352 1434 391 1467 me
406 1416 472 1468 durae
488 1417 588 1468 transite
605 1432 708 1470 catenae.

123 1490 245 1556 Tempore
260 1490 338 1542 nosiis
355 1503 415 1540 eunt
432 1502 546 1542 :excute
562 1489 633 1556 poste
647 1491 732 1544 leram.

85 1561 218 1614 Fallimur?
234 1580 266 1612 eu
279 1563 350 1614 verso
364 1564 496 1614 sonuerunt
512 1563 608 1614 cardine
624 1563 725 1630 postes?

121 1636 249 1703 Raucaque
266 1635 384 1687 concussu
400 1637 467 1704 signa
485 1636 575 1688 dedere
592 1637 682 1689 soree?
806 1654 839 1700 50

84 1709 196 1760 Fallimur
212 1726 220 1760 s
237 1709 336 1778 impulsa
350 1709 385 1760 est
397 1709 503 1760 animoso
519 1709 591 1776 janua
606 1723 693 1762 uento.

121 1783 168 1832 Hei
181 1783 238 1832 mihi
257 1783 265 1834 l
284 1787 354 1850 quim
368 1782 443 1850 longi
458 1783 524 1850 spem
537 1785 594 1834 tulit
610 1801 667 1834 aura
685 1783 782 1834 meam!

82 1856 110 1905 Si
125 1855 178 1906 sutis
194 1873 221 1906 es
237 1870 335 1924 rapta,
351 1857 451 1914 Borea,
471 1873 563 1908 memor
579 1855 720 1926 Orithyiae,

120 1930 174 1979 Huc
187 1930 267 1989 ades,
286 1931 312 1982 &
328 1930 409 1981 surdas
423 1929 518 1980 flamine
534 1930 609 1980 tunde
627 1931 703 1981 sores.
769 1977 772 1998 ,

16 2052 18 2063 ,
81 2003 151 2052 Urbe
168 2004 243 2054 silent
258 2003 311 2054 toti
328 2020 337 2054 t
354 2004 483 2070 vitreoque
497 2001 620 2054 madentia
635 2020 692 2054 rore
797 2016 836 2071 55

117 2077 240 2144 Tempora
256 2077 333 2128 nostis
348 2091 408 2126 eunt
423 2093 431 2127 z
447 2088 537 2128 excute
554 2075 621 2142 poste
639 2075 724 2127 serum.

80 2149 131 2200 Aut
148 2168 196 2218 ego
210 2150 259 2217 jam
274 2151 390 2218 ferroque
405 2149 502 2217 ignique
519 2149 625 2216 putatior
641 2150 709 2216 ipse,

117 2223 198 2287 Quem
214 2224 268 2274 sace
284 2224 406 2283 sustineo,
424 2223 488 2272 tesia
504 2221 605 2288 superba
619 2236 710 2290 petum.

80 2297 137 2347 Nox
148 2299 174 2348 dt
184 2298 262 2349 Amor
272 2298 401 2363 vinumque
412 2297 470 2346 nihil
480 2295 627 2346 moderabile
638 2297 737 2348 suadent
749 2312 757 2348 t
786 2323 788 2330 >

115 2372 160 2420 llla
176 2373 271 2437 pudore
288 2383 381 2428 vacet,
399 2369 472 2420 Liber
486 2368 611 2436 Amorque
628 2383 705 2422 metu.
756 2429 768 2448 Ι
801 2369 836 2420 60

80 2443 169 2494 Omnia
188 2444 307 2496 consumti
325 2461 333 2494 :
350 2460 397 2494 nec
414 2456 440 2494 te
455 2442 600 2510 precibusve
618 2445 718 2496 minisve

113 2518 238 2568 Movimus
251 2516 294 2577 ,d
310 2515 317 2566 !
332 2517 425 2568 foribus
441 2515 533 2566 surdior
548 2515 598 2583 ipse
614 2517 673 2571 tuis.

77 2591 134 2640 Non
149 2604 176 2641 te
194 2591 308 2658 formosa
325 2590 408 2640 decuit
424 2589 519 2640 servare
535 2589 622 2656 puellae

113 2664 206 2715 Limine
225 2665 345 2727 tsolicito
362 2680 464 2714 carcere
478 2663 564 2730 dignus
580 2680 644 2714 eras.

78 2735 177 2804 Jamque
192 2739 321 2806 pruinosos
335 2737 433 2788 molitur
449 2735 548 2787 Luciser
564 2754 644 2796 axes3
799 2730 832 2794 65

111 2812 188 2878 lnque
205 2813 273 2862 suum
290 2811 389 2875 miseros
406 2811 496 2861 excitat
514 2812 565 2862 ales
582 2828 654 2876 opus.

77 2882 109 2931 At
123 2896 170 2943 tu,
190 2902 241 2936 non
256 2886 319 2938 laetis
336 2885 442 2934 detrusia
459 2901 551 2934 corona
569 2885 678 2952 capillis,

109 2957 178 3008 Dura
195 2958 268 3026 super
285 2956 340 3012 tort
353 2957 432 3010 limine
448 2957 520 3008 nosle
534 2955 600 3024 jace.

687 3047 743 3098 Flu
