2034 3709
219 289 293 361 172
343 268 550 337 OVIDII
580 264 832 339 Auorvn

214 388 366 445 Desierant,
385 386 448 451 coepi
464 401 472 434 t
489 384 535 435 Per
551 400 596 436 vos
610 398 737 453 utramque
752 406 887 457 rogamus,

252 461 280 511 ln
297 476 385 511 vacuas
401 474 471 509 aures
487 459 562 508 verba
579 460 686 509 timentis
703 474 768 511 eant.

215 532 302 585 Altera
318 551 357 583 me
373 534 470 598 sceptro
484 532 606 592 decoras,
624 534 723 600 altoque
739 538 882 589 cothurno:

250 607 304 659 Jarn
318 624 382 657 nunc
398 605 523 655 contristo
540 622 639 673 magnus
653 606 678 655 in
692 624 736 657 ore
754 608 838 661 sonot.

171 678 204 744 65
215 678 301 731 Altera
317 681 359 730 clas
375 678 456 731 nostro
472 678 589 728 vitiorum
606 696 695 729 nomen
711 685 798 732 amori.

254 754 320 821 Ergo
335 754 411 812 ades,
433 750 554 819 &longis
570 754 679 803 versibus
695 754 758 803 adde
775 757 874 807 breves.

215 828 334 895 Exiguum
347 827 398 877 vati
413 826 541 885 concede,
559 822 708 894 Tragoedia‚
726 840 832 894 tempus.

252 901 293 950 Tu
308 902 378 951 labor
392 909 497 951 aeternus
513 915 521 949 ε
537 899 601 966 quod
619 900 682 967 petit
696 900 755 959 illa,
775 904 851 952 breve
868 903 911 955 est.

214 973 287 1023 Mota
302 974 369 1023 dedit
385 973 504 1022 veniam:
520 973 600 1022 teneri
616 986 780 1039 properentur
795 992 911 1035 amores,

172 1060 207 1109 70
252 1048 318 1097 Duru
333 1058 405 1099 vacat
422 1062 430 1098 t
446 1062 461 1095 a
477 1058 549 1114 tergo
566 1046 678 1114 grandius
694 1061 766 1116 urget
782 1065 856 1117 opus.

246 1154 897 1228 cminffe-fflv

388 1274 754 1340 Ennornrr
821 1252 825 1259 ’

215 1374 277 1491 ’ΞΝ
289 1448 306 1485 ο
316 1450 333 1485 rt
350 1452 397 1504 ego
412 1435 529 1487 nobilium
543 1436 616 1487 sedeo
632 1433 748 1486 studiosus
765 1452 906 1502 equorum:

253 1510 301 1560 Cui
317 1523 397 1561 tamen
413 1510 462 1577 ipsa
478 1510 564 1569 faves,
585 1510 666 1559 vincat
681 1520 708 1558 ut
724 1508 786 1567 ille,
802 1528 904 1575 precor.

215 1584 252 1635 Ut
269 1584 381 1649 loquerer
397 1596 498 1640 tecum,
516 1583 590 1642 veni,
608 1596 737 1648 tecumque
756 1582 889 1643 sederem

252 1658 292 1706 Ne
308 1658 352 1719 tibi
367 1674 416 1706 non
434 1669 527 1715 notus,
547 1672 619 1723 quem
635 1656 714 1713 iacis,
732 1654 792 1705 elle't
808 1674 886 1707 amor.

192 1730 257 1798 5Tu
273 1731 354 1779 curlus
372 1730 480 1795 [petias.
499 1746 548 1797 ego
564 1742 589 1779 te
607 1745 614 1779 ε
631 1728 763 1795 speuemus
779 1743 884 1796 uterque

254 1802 328 1866 Quod
343 1802 431 1869 juvat3
451 1814 524 1869 atque
540 1800 625 1853 oculos
641 1802 723 1868 pascat
741 1815 847 1869 uterque
864 1803 933 1855 suos.
1013 1828 1014 1831 ¹

217 1876 242 1928 O
260 1876 266 1927 l
284 1877 426 1944 cuicumque
443 1876 529 1935 laves,
550 1876 609 1927 felix
625 1876 729 1943 agitator
744 1875 885 1943 equorum!

254 1951 319 2019 Ergo
333 1950 369 1999 illi
384 1966 448 2000 curae
462 1949 565 2017 contigit
582 1948 628 1999 ell'e
642 1962 690 1999 tuae
704 1948 711 1997 l

217 2023 274 2074 Hoc
292 2024 349 2073 milri
366 2024 510 2090 contingat,
527 2023 594 2073 sacro
610 2023 640 2072 de
656 2038 755 2072 carcere
771 2022 850 2075 missis

175 2112 207 2151 to
254 2096 358 2147 insistam
373 2096 431 2147 forti
446 2110 527 2146 mente
544 2096 669 2147 vehendus
685 2097 763 2162 equis.

218 2169 249 2219 Et
265 2168 338 2220 modo
351 2172 404 2219 lora
420 2170 499 2227 daho,
520 2166 593 2219 modo
609 2171 711 2219 verbere
728 2183 798 2237 terga
813 2172 931 2223 notabo:
1010 2190 1011 2195 ¹

254 2244 325 2293 Nunc
342 2243 449 2311 stringam
465 2254 542 2293 metas
558 2243 673 2292 interiore
689 2243 752 2294 rota.

217 2316 243 2366 Sl
259 2317 316 2365 mihi
332 2316 438 2366 currenti
453 2315 528 2367 fueris
546 2314 690 2382 conspecta,
711 2318 844 2369 morabor:

253 2390 343 2455 Deque
360 2390 419 2438 meis
435 2389 542 2439 manibus
559 2390 610 2438 lora
626 2388 716 2439 remilla
732 2390 816 2441 fluent.

176 2479 207 2529 15
218 2462 258 2513 Ah
274 2462 281 2512 l
298 2464 367 2528 quim
382 2480 452 2528 paene
467 2461 555 2528 Pelops
572 2460 644 2511 Pisaet
660 2462 766 2513 concidit
782 2462 865 2523 hasta,

254 2535 321 2585 Dum
335 2535 424 2600 speiiat
438 2536 540 2594 vultus,
559 2534 738 2601 Hippodamia,
757 2549 812 2587 tuos
827 2536 834 2585 Ξ

217 2610 312 2675 Nempe
329 2609 413 2659 favore
429 2608 474 2659 suae
490 2609 550 2658 vicit
566 2619 647 2659 tamen
664 2610 703 2659 ille
721 2610 818 2675 puellae.

253 2682 385 2733 Vincamus
402 2681 503 2731 dominae
521 2680 621 2748 quisque
637 2683 721 2732 favore
738 2682 794 2732 suae.

218 2754 285 2820 Quid
300 2754 382 2805 frustra
400 2752 515 2821 refugis?
535 2756 602 2823 cogit
616 2772 661 2805 nos
677 2756 741 2805 linea
755 2754 843 2823 jungi:

173 2846 208 2881 20
254 2828 315 2879 Haec
330 2829 355 2878 in
369 2829 424 2897 lege
441 2827 490 2877 loci
506 2828 631 2877 commoda
648 2828 735 2879 Circus
753 2830 835 2877 habet.

216 2903 257 2954 Tu
270 2915 369 2961 tamen,
383 2919 397 2950 a
412 2901 497 2951 dextra
513 2902 655 2967 quicumque
671 2919 715 2961 es.
730 2919 803 2971 parce
817 2902 930 2969 puelle:

254 2975 373 3030 Contatlu
389 2975 471 3030 lateris
487 2975 583 3029 laeditur
598 2974 639 3029 illa
655 2974 701 3030 tui.
