2034 3709
152 285 160 302 ·
257 248 386 317 Nux.
415 250 633 321 Earum.
734 274 805 347 301

92 364 121 417 Si
135 364 201 417 licet
214 367 262 416 hoc
278 400 286 426 ,
300 368 367 418 oleas
382 366 512 438 distringite
530 388 537 421 t
554 370 639 421 caedite
652 368 746 425 messes.
823 386 873 441 135

132 440 268 505 Improbe,
281 442 388 491 vicinum
403 458 475 509 carpe
485 445 607 504 ,·viator,
621 445 686 496 olus.

91 510 178 564 intret
194 514 219 564 δι
233 515 334 567 urbanas
349 515 435 565 eedem
448 518 580 582 petulantia
598 530 702 585 portaa3

132 586 222 653 Sitque
237 588 284 638 tuis
300 588 390 647 mutis,
405 588 530 650 Romule,
543 589 603 657 juris
618 592 693 644 iden.

54 671 55 676 ’
92 658 213 724 Quilibet
228 674 354 729 argentum
368 661 453 727 primae
464 662 495 712 de
510 664 591 715 fronte
605 666 712 717 taberne

132 732 222 783 Tollat
237 750 245 784 t
265 735 291 786 &
306 735 336 784 ad
350 752 455 803 gemmas
469 737 571 802 quilibet
583 740 647 789 alter
660 750 711 789 eat.
823 752 875 803 140

93 804 207 857 Aitlerat
220 807 261 856 hic
275 824 378 867 aurum,
394 810 535 876 peregrinor
550 812 592 861 ille
607 812 724 877 lapillos:

28 908 34 921 =
133 879 170 929 Et
185 881 344 947 quascumque
357 881 435 948 potest
448 884 557 944 tollere,
573 886 645 935 tollat
660 902 729 951 opes.
861 896 864 924 ¹

94 952 147 1003 Sed
163 970 245 1020 neque
256 955 375 1005 tolluntur
387 971 394 1007 ε
406 972 468 1014 nec,
480 957 536 1007 dum
547 960 610 1025 regit
621 961 700 1009 omnia
712 956 811 1017 Caesar,

132 1026 287 1086 Incolumis,
303 1039 372 1078 tanto
386 1030 505 1095 praeside,
521 1044 603 1097 raptor
618 1034 674 1082 erit.

93 1098 130 1151 At
145 1116 197 1149 non
211 1101 252 1149 ille
268 1102 339 1152 Deus
352 1118 436 1167 pacem
451 1103 515 1154 intra
529 1105 617 1155 moenia
631 1104 705 1159 linit:
824 1119 855 1168 14
860 1120 872 1171 5

132 1172 328 1229 Auxiliumtoto
346 1176 433 1242 spargit
447 1177 471 1225 in
485 1178 547 1227 orbe
562 1178 637 1229 fuum.

94 1244 169 1311 Quid
184 1258 265 1297 tamen
279 1248 327 1297 hoc
343 1248 455 1314 prodest,
471 1250 549 1300 medii
563 1252 583 1301 si
598 1254 652 1303 luce
666 1252 794 1321 palamque

133 1318 284 1379 Verberor,
301 1322 326 1372 &
340 1332 401 1372 tutae
415 1338 463 1372 non
479 1323 539 1373 licet
553 1323 599 1374 elle
616 1324 696 1375 mihi?
731 1338 748 1361 ·«

94 1392 166 1460 Ergo
183 1410 228 1443 nec
244 1395 314 1444 nidos
329 1394 393 1445 foliis
407 1396 518 1454 harere,
534 1414 580 1447 nec
595 1399 670 1448 ullam

106 1493 112 1512 t
133 1467 240 1517 Sedibus
255 1468 280 1517 in
294 1467 379 1520 nostris
392 1467 452 1518 liare
465 1469 554 1521 videtis
568 1488 648 1521 avem.

93 1538 131 1589 At
145 1541 224 1605 lapis,
240 1541 265 1590 in
281 1558 347 1591 ramo
363 1542 423 1591 sedit
439 1543 582 1614 quicumque
596 1545 712 1605 bifurco,

133 1612 239 1674 Haeret,
258 1614 283 1665 &
299 1626 327 1662 ut
341 1614 412 1679 capti
424 1614 501 1665 tritior
517 1618 543 1665 in
558 1633 613 1667 arce
630 1631 722 1671 manet.

94 1684 192 1737 Cetera
207 1687 268 1753 saepe
285 1699 366 1753 tpmen
382 1700 485 1754 potuere
500 1688 594 1739 admiffa
609 1692 710 1759 negari,

134 1760 170 1809 Et
187 1760 277 1810 crimen
292 1778 343 1811 vox
359 1761 392 1811 est
406 1760 510 1812 inficiata
526 1763 601 1813 suurn.

96 1833 188 1883 Nostra
202 1846 271 1884 notat
285 1834 352 1884 fusco
368 1835 457 1902 digitos
471 1834 557 1901 injuria
573 1837 665 1897 succo,

136 1907 240 1957 Cortice
255 1908 376 1967 contraitur
392 1907 513 1958 imeiente
529 1926 625 1959 manus.

96 1980 144 2029 llle
162 1997 235 2031 cruor
251 1998 319 2030 meus
336 1980 370 2030 est
386 1998 394 2033 t
412 1981 457 2042 illo
471 1982 591 2031 maculata
606 1996 696 2033 cruore

134 2054 196 2105 Non
213 2054 350 2121 prostituti
365 2056 449 2105 dextra
468 2056 562 2105 lavatur
578 2054 649 2121 aqui.

97 2126 123 2178 Ο
139 2126 147 2175 !
162 2143 228 2194 ego,
248 2125 301 2176 cittn
318 2129 398 2196 longae
414 2123 535 2177 uenerunt
549 2128 624 2179 taedia
638 2128 716 2188 vitae,
856 2185 858 2195 ,

136 2200 232 2265 Optavi
250 2201 346 2267 quoties
364 2202 431 2251 arida
447 2201 508 2251 falla
525 2201 607 2250 mori!
647 2204 652 2235 <
824 2200 877 2253 160

98 2272 196 2340 Optavi
212 2274 326 2339 quoties,
345 2287 386 2323 aut
401 2291 469 2323 caeco
485 2276 583 2324 turbine
601 2274 687 2333 verti,

99 2377 101 2380 -
136 2346 190 2397 Aut
205 2348 285 2396 valido
302 2348 367 2395 missi
383 2348 487 2397 fulminis
502 2347 560 2415 igne
578 2348 628 2414 peti
642 2348 648 2396 l

98 2418 184 2484 Atque
195 2420 286 2471 utinam
295 2421 378 2470 subitae
385 2432 499 2487 raperent
511 2437 563 2469 mea
573 2436 644 2485 poma
654 2420 768 2485 procellat
781 2416 790 2467 l

136 2493 189 2545 Vel
206 2492 295 2557 poffem
310 2493 400 2544 smnus
417 2506 533 2543 excutere
551 2494 600 2559 ipia
616 2492 702 2543 meos!

99 2566 163 2623 Sic,
182 2567 223 2615 ubi
238 2566 342 2617 demun
359 2566 392 2615 eil
406 2584 421 2615 a
431 2579 459 2618 te
473 2567 519 2616 tibi
531 2568 598 2616 causa
609 2567 712 2631 pericli,
827 2564 876 2631 165
970 2599 972 2603 -

140 2638 216 2702 Quod
227 2638 349 2707 superest,
365 2651 463 2698 tutum,
482 2639 585 2689 Pontice
597 2640 672 2691 castor
685 2674 692 2699 ,
710 2641 796 2691 haber.

100 2711 172 2776 Quid
183 2713 240 2763 milri
250 2726 310 2763 tune
318 2712 391 2761 animi
399 2713 452 2771 est,
472 2710 527 2763 etim
538 2713 608 2763 sumit
618 2716 668 2763 tela
679 2713 758 2763 viator
769 2728 781 2771 3

140 2786 223 2852 Atque
238 2787 315 2835 oculis
325 2787 402 2853 plagae
418 2786 519 2836 destinat
529 2799 585 2835 ante
601 2787 682 2837 locum
694 2784 707 2835 i

102 2860 159 2911 Nec
169 2860 246 2910 vitare
264 2861 323 2909 licet
332 2873 401 2908 moto
417 2860 470 2909 fera
487 2862 591 2909 verbera
608 2872 716 2917 trunco,
906 2910 909 2919 ¹

142 2930 226 2997 Quem
235 2934 278 2984 suh
287 2934 364 2983 humo
371 2932 441 2983 radix
449 2933 576 2999 vinclaque
587 2930 654 2983 firma
665 2942 762 2992 tenent.
829 2946 879 2997 170
