2034 3709
237 244 632 315 consummo.
727 264 803 339 305

86 363 149 418 Nec
164 364 271 415 nocuisse
287 364 349 425 ulli,
368 364 530 415 &fortunam
547 364 651 416 habuisse
667 363 794 416 nocendi?

127 439 185 489 Nec
199 456 342 506 quemquam
357 454 447 490 nervos
460 438 593 489 extimuiffe
609 436 689 489 tuos?

87 512 149 563 Nec
163 513 230 563 vires
246 512 333 562 errall'e
346 523 401 561 tuas
417 511 559 579 campoque
575 512 709 579 Foroque3

130 585 260 653 Quamque
275 586 336 635 libet
351 585 411 635 citra
427 586 571 635 constituille
588 584 709 636 domum?
816 598 850 649 50

88 659 190 725 Nempe
205 673 251 725 pet
263 660 310 710 hos
326 659 398 709 etiam
414 659 528 710 Fortunae
545 658 630 725 injuria
645 674 726 709 mores

129 732 247 799 Regum
267 734 293 783 δι
307 732 401 783 incerti
418 732 453 782 est
465 733 506 782 hic
523 750 620 799 quoque
636 734 691 783 nixa
706 730 771 783 rott'i.

88 804 143 855 Hie
159 822 257 873 quoque
273 806 374 856 sentitus
388 822 397 857 t
413 822 444 857 ue
461 806 518 872 quid
532 822 581 856 non
597 806 705 873 improba
720 816 821 873 carpat,

130 879 227 937 Saevit3
246 879 273 929 dt
288 878 399 946 injustum
414 879 452 944 jus
469 880 514 929 sibi
529 880 618 947 ubique
635 880 704 931 fauit.

87 950 193 1003 Scilicet
206 953 318 1003 immunis
332 952 353 1003 si
370 952 445 1002 lutlds
460 970 507 1002 una
524 952 603 1003 fuisset
815 964 847 1014 55

126 1026 216 1085 Livia,
233 1027 252 1076 1²
254 1039 347 1079 orttmae
362 1043 437 1093 regna
452 1026 546 1076 minora
561 1023 665 1077 forent?

88 1095 160 1161 Quid
175 1097 196 1149 si
211 1114 260 1149 uon
274 1100 356 1150 habitu
371 1101 406 1149 sic
423 1100 447 1149 se
461 1099 569 1167 gessisset
584 1101 608 1149 in
624 1097 707 1157 omni.

128 1173 165 1222 Ut
182 1172 222 1222 sua
240 1190 290 1223 non
306 1173 381 1223 edent
397 1173 512 1223 invidiosa
527 1172 614 1223 hona?

89 1244 194 1297 Caesaris
210 1246 273 1297 adde
290 1247 408 1297 domum:
423 1257 476 1313 quae
492 1246 581 1305 cette,
597 1245 689 1297 funeris
705 1260 811 1311 expers,

128 1320 224 1371 Debuit
238 1321 348 1371 humanis
363 1320 435 1370 altior
451 1320 498 1370 elle
515 1320 592 1372 malis.
812 1315 848 1368 60

89 1393 138 1443 llle
153 1393 231 1460 vigil,
249 1394 338 1444 summi
353 1394 420 1443 sacer
433 1394 475 1443 ille
491 1397 586 1445 locatus
604 1393 629 1443 in
644 1408 720 1453 arce,

127 1466 179 1517 Res
193 1468 316 1517 hominum
333 1484 365 1517 ex
378 1480 434 1517 tuto
449 1484 552 1519 cernere
570 1468 654 1536 dignus
670 1479 733 1517 erat.

88 1541 147 1591 Nec
163 1540 217 1591 fleri
231 1540 281 1607 ipse
295 1541 360 1600 suis,
376 1557 423 1591 uec
440 1558 583 1608 quemquam
599 1542 663 1607 llere,
676 1534 793 1598 suoru'm3

128 1616 203 1673 Nec,
219 1632 273 1680 quae
289 1630 333 1664 nos
349 1614 452 1681 patimur
465 1616 570 1681 vulgus,
590 1614 615 1663 δι
631 1613 681 1679 ipse
696 1614 757 1679 pati·

88 1687 204 1743 Vidimus
219 1687 304 1753 erepti
318 1699 458 1737 merentem
473 1687 544 1753 stirpe
560 1686 677 1741 Soteris:
813 1683 846 1747 65

129 1760 238 1819 Ludius,
255 1761 322 1811 utin
335 1760 434 1820 Druso,
453 1762 563 1826 publicus
579 1761 620 1810 ille
637 1760 693 1810 suit.

89 1832 210 1884 Condidit
226 1834 374 1901 A'glippam,
392 1850 441 1900 quo
454 1846 500 1893 te,
516 1835 656 1891 Marcelle,
671 1831 801 1899 sepulcro:
845 1860 846 1865 =

129 1906 162 1957 lit
179 1907 245 1972 cepit
259 1924 364 1975 generos
379 1906 428 1971 jam
443 1907 513 1956 locus
531 1908 571 1956 ille
589 1907 661 1977 duqs.
753 1938 757 1944 ,

89 1981 162 2041 vix,
179 1980 261 2047 posito
275 1980 401 2047 Agrippi,
415 1980 503 2029 tumuli
516 1980 578 2029 bene
594 1979 666 2044 janua
684 1976 760 2027 clausa
776 1974 829 2026 est:

130 2052 230 2104 Perficit
244 2052 349 2104 officium
365 2053 474 2111 funeris,
493 2070 572 2111 ecce,
589 2052 666 2102 soror.
813 2064 848 2113 70

88 2127 178 2185 Ecce,
197 2138 309 2178 terame
326 2126 405 2185 datis,
424 2125 514 2191 jatlura
531 2126 661 2175 novissima
677 2122 772 2173 Drusus

126 2200 149 2250 A
168 2216 256 2267 magno
272 2201 390 2268 lacrymas
405 2199 502 2249 Caesate
516 2211 613 2265 quartus
628 2199 712 2247 habet.

91 2272 210 2324 Claudite
225 2273 292 2339 jam,
310 2274 393 2324 Parcae
402 2306 415 2330 ,
428 2270 524 2322 nimium
540 2273 646 2323 reserata
661 2270 789 2335 sepulcre}

131 2346 245 2397 Claudite
261 2349 335 2413 :plus
350 2346 413 2412 julio
426 2346 475 2409 jam
489 2346 574 2397 domus
590 2345 630 2396 illa
644 2355 723 2411 patet.
762 2374 766 2379 «

90 2420 187 2478 cedis,
205 2420 230 2470 dt
246 2420 359 2470 incaffum
367 2432 410 2470 tua
419 2420 534 2479 nentina,
553 2419 652 2476 Druse,
670 2419 793 2469 levantur.
812 2428 845 2479 75

130 2494 222 2544 Ultima
237 2494 269 2544 sit
287 2494 334 2543 fau
344 2493 398 2543 haet
411 2492 498 2542 summa
516 2496 615 2561 querela
626 2483 677 2543 ¹tui.
710 2499 712 2519 ³

86 2568 140 2619 -llle
155 2566 233 2633 potest
248 2568 349 2633 implete
365 2567 437 2615 dolor
451 2568 492 2617 vel
508 2566 588 2616 secula
602 2578 676 2625 tuta,
777 2586 779 2593 ·

128 2639 163 2689 Et
177 2642 257 2707 magni
271 2639 348 2693 {uuus
366 2638 491 2690 obtinuisse
507 2642 599 2691 locum.

90 2713 170 2770 Multi
183 2713 208 2763 iu
222 2726 249 2764 te
264 2714 344 2764 amissi
359 2730 367 2764 τ
382 2730 448 2773 nec,
468 2712 507 2764 cui
523 2726 562 2765 tot
577 2714 649 2765 turba
664 2714 804 2770 bonorum,

131 2786 219 2837 Omnis
234 2786 274 2836 cui
289 2786 365 2838 virtus
381 2786 503 2855 contigit,
520 2804 581 2839 uuus
598 2804 661 2838 eras.
813 2782 847 2833 80
862 2821 864 2830 ·

92 2860 149 2914 Nec
162 2861 281 2927 genitrice
298 2860 339 2910 tui
355 2862 482 2911 fecundior
497 2862 546 2911 ulla
561 2872 706 2927 parentum,

129 2934 183 2985 Tot
198 2935 261 2985 buna
275 2947 417 3001 perpatens
434 2950 488 3003 mie
504 2934 571 2987 dedit
586 2950 633 2987 uua
649 2934 722 2987 duos·
