2034 3709
115 212 178 263 Dr
203 195 320 263 Anca
344 195 542 265 Antrum
566 199 605 265 L.
630 202 658 267 l.
687 220 761 296 213
849 185 853 192 ’

49 313 121 364 Dixit
134 313 189 371 ;·&
206 330 220 362 e
238 330 329 371 curru,
346 330 376 363 ne
393 315 466 382 tigres
483 315 524 364 illa
540 316 657 379 timeret,

86 388 180 441 Desilit
195 402 203 436 t
218 386 333 452 imposito
350 388 424 437 cessit
439 404 513 437 erena
528 390 595 453 pedi.
775 394 825 457 560

50 460 243 526 Implicitamque
259 460 331 518 sinu,
351 476 429 527 neque
447 462 511 511 enim
527 478 634 529 pugnare
647 467 763 525 valebat,

87 533 194 583 Abstulit
209 550 215 583 :
233 547 260 583 ut
278 534 349 583 facile
365 534 399 584 est
416 534 494 584 omnia
512 536 578 599 polle
595 538 662 587 Deo.
781 594 785 601 x

51 605 127 663 Pars,
138 606 291 673 Hymenaee,
303 620 392 657 canunt
402 622 409 657 τ
420 623 474 672 pars
485 610 607 665 clamant,
619 610 679 660 Evie
688 612 769 663 evob'!

87 680 129 730 Sic
147 681 238 729 coeunt
253 679 319 729 sacto
336 693 410 745 nupta
427 680 546 747 Deusque
562 694 629 732 toro.

51 753 137 819 Ergo,
157 754 199 802 ubi
215 754 360 819 contigerint
377 754 449 819 positi
468 754 511 803 tibi
527 772 626 805 munera
643 756 754 817 Bacchi,
775 758 823 821 565

88 826 171 891 Atque
188 826 234 875 erit
249 826 274 873 in
291 826 349 876 socii
365 827 453 875 femina
470 839 539 892 parte
556 830 625 886 tori3

52 898 238 967 Nyileliumque
254 911 367 964 patrem,
385 900 548 967 nodlurnaque
565 902 629 952 sacra
644 920 763 970 precere,

88 973 127 1021 Ne
145 972 246 1037 jubeant
261 973 336 1038 capiti
351 973 407 1021 vina
424 989 515 1023 nocere
531 986 585 1023 tuo.

52 1044 100 1095 llic
118 1046 164 1096 tibi
179 1046 254 1094 multa
269 1046 329 1095 licet
345 1045 453 1095 sermone
469 1046 567 1096 licentia
582 1049 649 1099 teilo

89 1118 204 1177 Dicere,
224 1134 276 1183 quce
293 1120 340 1168 dici
357 1118 442 1169 sentiat
459 1120 500 1169 illa
514 1119 580 1169 sibi:
776 1138 826 1186 570

53 1188 232 1257 Blanditiasque
247 1194 315 1241 leves
331 1192 397 1241 tenui
412 1194 561 1257 perscribere
577 1194 655 1252 vino,

89 1266 125 1315 Ut
142 1266 264 1314 dominam
282 1265 305 1313 in
322 1264 401 1315 mensa
417 1264 441 1313 se
458 1268 524 1333 legat
539 1266 579 1315 illa
595 1279 680 1317 tuam:
758 1282 763 1290 “

54 1337 239 1403 Atqueoculos
255 1337 331 1387 oculis
346 1338 451 1403 spellare
464 1336 595 1400 fatentibus
612 1341 702 1405 ignem.
861 1333 881 1377 0

89 1413 260 1476 Saepetecens
277 1427 365 1459 vocem
380 1412 502 1477 verbaque
518 1414 600 1462 vultus
617 1414 699 1463 habet.

55 1485 101 1537 Fac
118 1484 207 1549 primus
224 1484 300 1549 rapias
316 1484 379 1533 illius
396 1484 457 1533 racia
473 1486 567 1536 labellis
768 1543 770 1545 v
776 1502 824 1549 575

15 1564 16 1567 ’
89 1557 181 1606 Pocula
193 1574 202 1613 3
212 1558 312 1623 ,quique
330 1556 396 1605 bibet
410 1568 479 1622 parte
495 1560 596 1622 puella,
615 1559 691 1609 bibas.

55 1631 85 1683 Et
99 1632 270 1696 quodcumque
287 1630 334 1679 cibi
349 1630 429 1697 digitis
443 1630 555 1680 libaverit
569 1633 631 1689 illa,

15 1706 17 1737 l
89 1704 130 1753 Tu
145 1716 204 1768 pete
221 1718 230 1754 c
245 1702 348 1769 dumque
363 1716 453 1769 petes,
471 1705 502 1753 sit
517 1705 561 1754 tibi
577 1704 640 1754 tatia
655 1722 749 1756 manus.

15 1742 17 1801 i
53 1778 108 1826 sint
120 1776 194 1825 etiam
211 1788 253 1825 tua
266 1789 324 1825 vota
339 1776 392 1825 viro
409 1777 522 1843 placuill'e
537 1779 646 1845 puellaet
694 1786 697 1792 '

90 1850 183 1899 Utilior
198 1851 267 1900 vobis
283 1850 357 1899 taetus
375 1850 463 1899 amicus
480 1852 537 1900 erit.
777 1851 828 1911 580

54 1922 140 1981 Huic,
159 1924 180 1973 si
196 1922 260 1973 sorte
276 1922 363 1979 bibes,
382 1923 469 1973 sortem
488 1924 597 1973 concede
613 1925 740 1991 priorem:

90 1996 157 2045 Huic
176 1995 246 2045 detur
263 1996 335 2061 capiti
352 1996 432 2045 demta
450 2012 542 2045 corona
556 2008 611 2045 tuo.

15 2062 16 2129 i
56 2070 111 2119 Sive
129 2069 177 2120 erit
193 2068 312 2127 inferior,
332 2068 372 2117 seu
389 2085 451 2133 par,
471 2070 538 2137 prior
555 2064 634 2118 omnia
651 2068 745 2117 sumat:

15 2160 16 2209 l
91 2143 148 2191 Neu
164 2142 258 2191 dubites
273 2141 308 2190 illi
325 2142 400 2189 verbe
414 2142 517 2191 secunda
533 2142 611 2208 loqui.

55 2212 119 2265 Tuta
128 2216 291 2281 frequensque
299 2215 338 2263 via
346 2214 394 2273 eit,
404 2232 447 2280 per
456 2217 557 2265 amicum
565 2217 652 2264 fallere
658 2227 764 2263 nomene
778 2214 810 2277 58
815 2229 827 2276 5

90 2287 158 2339 Tuta
172 2289 333 2355 frequensque
351 2288 409 2337 licet
424 2288 455 2337 sit
470 2290 531 2346 via;
549 2291 639 2339 crimen
656 2289 739 2336 habet.

57 2360 114 2411 Inde
131 2373 277 2427 procurator
292 2361 389 2409 nimium
404 2378 500 2426 quoque
516 2363 591 2411 multa
605 2372 740 2427 procurat,

88 2434 124 2484 'Et
140 2434 184 2484 sibi
201 2434 317 2484 mandatis
332 2435 402 2498 plura
416 2434 520 2483 videnda
535 2446 615 2499 putat.

58 2507 132 2557 Certa
148 2508 193 2558 ribi
209 2508 307 2557 anobis
324 2506 417 2555 dabitur
434 2508 542 2557 mensura
559 2506 673 2556 bibendi:

94 2579 338 2645 Officium'praestent
354 2596 470 2645 mensque
486 2581 610 2646 pedesque
628 2580 703 2632 suum.
780 2592 832 2645 590

59 2651 139 2719 lurgia
155 2654 296 2719 praecipui,
313 2652 370 2700 vino
386 2651 523 2710 llimulata,
541 2665 649 2710 caveto,

93 2727 124 2775 Et
141 2728 239 2775 nimium
256 2725 340 2777 faciles
355 2724 386 2773 ad
401 2726 533 2775 iera-bella
550 2742 642 2775 manus.
668 2722 672 2727 ’
700 2755 702 2760 -

60 2798 159 2849 Occidit
175 2799 297 2866 Eurytion
315 2795 386 2847 stulti
399 2798 455 2847 data
470 2799 527 2847 vina
543 2800 669 2851 bibendos
697 2804 702 2809 ’
770 2794 774 2804 ’

92 2872 183 2941 Aptior
197 2874 231 2925 est
246 2870 312 2928 dulci
326 2870 406 2937 mensa
421 2886 561 2940 merumque
573 2870 642 2939 joco,
749 2904 756 2911 -
