2034 3709
154 230 164 249 ·
221 234 296 307 194
344 211 556 282 Orrnrr
583 208 836 279 Ausonum

217 337 319 401 Jamque
333 329 480 398 pererratis,
498 328 634 394 profugus,
653 326 769 394 tetrique
780 330 921 401 fretoque,

253 406 348 459 Moenia
362 404 428 454 selici
443 402 552 459 condidit
566 404 615 451 alta
631 418 713 450 manu.

173 495 207 551 35
218 484 263 534 llle
280 482 335 531 suos
351 476 436 529 doeuit
450 475 556 530 lenonia
573 475 638 525 sacra
655 472 798 525 Phaliscos:

255 555 310 606 Sint
324 551 402 612 mihi,
419 548 469 601 siut
483 551 576 617 populo
594 549 688 615 semper
704 548 782 597 amica
797 550 852 600 suo.

246 630 923 727 (ι--ι--ἣᾪὲ--τῖ

352 776 609 843 ELEGIA
669 776 798 839 XIV.

217 875 279 993 ’ΣΝ
290 950 333 989 ou
343 954 390 1006 ego
401 972 409 998 ,
421 954 453 989 ne
464 952 554 1005 pecces
565 968 574 996 ,
586 933 641 986 edm
651 932 684 985 sis
693 935 817 998 formosa,
828 937 917 989 recuso
930 931 942 993 ξ

256 1013 305 1062 Sed
321 1028 352 1061 ne
368 1012 399 1062 sit
412 1012 500 1061 misero
516 1011 575 1061 scire
592 1008 687 1061 necesse
703 1010 769 1059 mihi.

218 1088 273 1137 Nec
289 1098 316 1135 te
332 1085 411 1135 nostra
425 1084 497 1151 jubet
512 1083 565 1133 fieri
581 1082 682 1133 censura
698 1084 831 1149 pudicam:

257 1159 307 1208 Sed
326 1156 438 1214 tantum,
457 1168 539 1208 tentes
556 1155 725 1215 dissimulare,
742 1168 825 1225 rogat.

196 1250 208 1299 5
220 1233 278 1282 Non
292 1244 399 1297 peccat,
416 1246 573 1297 quaecumque
589 1228 668 1295 potesi
680 1230 790 1294 peccasse
806 1246 923 1299 negaret

181 1340 185 1345 -
255 1304 360 1369 Solaque
378 1303 491 1353 famosam
507 1304 578 1368 culpa
592 1302 697 1368 professa
711 1303 779 1352 facit.
1008 1354 1009 1361 χ

220 1377 283 1443 Quis
298 1377 366 1427 lutor
380 1377 431 1435 esi,
446 1395 500 1444 quae
516 1376 585 1427 nodie
603 1377 698 1434 latent,
716 1377 758 1426 sub
773 1378 829 1427 luce
843 1374 940 1429 fateri?

256 1449 289 1498 Et
304 1466 358 1515 quae
375 1450 436 1499 elam
452 1450 548 1508 satias,
568 1448 628 1499 sadla
646 1450 738 1499 reserre
754 1449 858 1515 palam?

219 1521 309 1590 Ignoto
324 1523 440 1574 meretrix
458 1539 547 1589 corpus
563 1520 672 1587 junslura
689 1522 799 1585 Quiriti,

178 1613 211 1650 ro
258 1595 397 1662 Appositi,
413 1597 530 1661 populum
548 1595 674 1645 submovet
690 1607 766 1654 ante,
782 1594 855 1647 serit
920 1614 924 1623 ·

219 1670 261 1719 Tu
277 1681 319 1717 tua
336 1670 464 1735 prostitues
481 1669 550 1721 famas
567 1680 669 1738 peccata
685 1666 809 1721 sinistrae?

258 1740 387 1791 Commissi
401 1758 503 1808 perages
519 1741 679 1808 indiciumque
695 1740 755 1793 tui?

222 1814 258 1865 Sit
273 1814 317 1864 tibi
333 1830 400 1865 mens
417 1815 523 1873 melior,
544 1815 659 1865 saltemve
675 1814 769 1866 imitere
786 1814 915 1881 pudicase
1008 1812 1009 1838 ¹

258 1888 345 1953 Teque
359 1890 479 1954 probam,
497 1888 604 1953 quamvis
618 1904 668 1939 non
682 1888 749 1946 eris,
767 1889 814 1939 elle
832 1904 922 1955 putem
937 1905 949 1947 ι
1005 1886 1008 1895 '

181 1977 211 2027 15
224 1960 286 2025 Quae
301 1961 380 2018 sacis,
398 1963 450 2013 haec
467 1961 565 2020 sacito;
582 1959 675 2015 tantum
690 1961 772 2011 secisse
788 1976 904 2031 negato:
1007 1978 1008 2032 l

259 2036 313 2084 Nec
327 2036 418 2100 pudeat
432 2051 515 2084 eoram
531 2034 605 2085 verba
620 2033 725 2085 modesta
740 2035 818 2101 loqui.

222 2106 263 2159 Est
277 2108 318 2173 qui
335 2108 465 2176 nequitiam
481 2110 551 2160 locus
567 2107 672 2174 exigat:
688 2108 797 2159 omnibus
815 2110 888 2171 illum
938 2112 944 2119 '

259 2180 362 2232 Deliciis
378 2182 472 2247 imple3
490 2179 536 2230 stet
551 2181 637 2245 procul
654 2180 709 2229 inde
726 2182 817 2248 pudor.

117 2254 121 2261 '
222 2253 288 2303 Hine
304 2255 375 2304 simul
393 2254 499 2313 exieris,
519 2253 614 2303 lascivia
631 2255 740 2321 protinus
759 2256 840 2308 omnia

179 2342 214 2379 20
261 2326 353 2385 Absit3
372 2328 396 2376 ἃ
413 2328 438 2378 in
451 2328 516 2377 letto
533 2327 631 2377 crimina
645 2343 711 2392 pone
725 2339 781 2379 tuo.
1004 2332 1006 2419 p

224 2400 276 2450 lllic
293 2417 338 2450 noc
355 2400 460 2449 tunicam
474 2400 520 2450 tibi
533 2400 564 2451 sit
579 2399 679 2467 posuisse
695 2402 800 2460 rubori;
883 2414 886 2417 ·

261 2473 316 2521 Nec
334 2474 421 2523 femori
437 2473 576 2540 impositum
593 2470 720 2525 sustinuisse
737 2474 829 2529 femur·

223 2545 277 2599 Illic
293 2547 419 2613 purpureis
435 2547 555 2597 tondatur
570 2546 651 2615 lingua
667 2547 782 2607 labellis5

261 2620 338 2685 l'n'que
355 2620 441 2672 modos
455 2620 581 2674 Venerem
597 2620 662 2669 mille
677 2618 767 2687 figuret
785 2638 869 2675 amor.

180 2708 213 2762 25
224 2692 277 2744 lllic
292 2708 339 2743 nee
354 2710 450 2751 voces,
466 2710 513 2744 nec
529 2695 604 2743 verba
621 2691 728 2756 juvantia
745 2694 861 2748 cessent:

262 2766 406 2833 Spondaque
422 2766 509 2817 lascivi
525 2767 657 2817 mobilitate
674 2778 772 2818 tremat.

225 2839 372 2895 indue'cum
387 2839 475 2891 tunicis
492 2852 642 2891 metuentem
658 2840 755 2889 erimina
773 2841 899 2901 vultum}

260 2913 294 2966 Et
309 2913 389 2985 pudor
405 2913 536 2971 obscenum
551 2911 682 2969 diffiteatur
698 2929 773 2983 opus.
