2034 3709
205 261 276 333 186
327 260 540 331 OV11>11
565 252 819 334 Ausonum

200 381 256 446 Qus
266 380 341 441 licet,
351 378 448 431 affeuas
460 383 548 431 coelum
560 398 667 448 quoque.
675 382 779 448 Templa
786 381 928 447 Quirinus,

237 454 328 515 Liber,
346 455 372 505 δι
387 454 506 511 Alcides,
526 454 552 504 &
567 453 641 505 modo
658 454 757 515 Caesar,
776 459 884 509 habeut.

199 528 309 579 Eruimus
326 526 393 578 terri
409 527 508 577 solidum
525 544 571 593 pro
586 528 694 595 frugibus
709 546 815 582 aurum:

237 600 349 652 Possidet
365 601 475 651 inventas
492 600 607 668 sanguine
621 602 690 652 miles
707 619 777 669 opes.

158 690 188 737 55
202 675 275 725 Curia
291 676 435 742 pauperibus
452 675 529 723 clausa
544 674 578 723 est
592 691 599 725 t
614 675 655 724 dat
672 676 756 727 census
771 670 898 729 honor‘es.

238 749 297 799 lndc
315 748 393 817 gravis
408 745 502 813 judex3
520 748 577 797 inde
593 748 689 801 severus
707 766 793 815 eques.

202 820 291 871 Omnia
307 820 471 889 possideant:
489 822 536 873 illis
553 822 705 889 Campusque
721 823 863 891 forumque

247 896 366 947 Serviat:
383 895 408 944 hi
424 912 510 960 pacem
527 895 648 961 crudaque
665 897 728 945 bella
744 910 843 963 gerant.
910 948 914 956 ,

201 968 308 1018 Tantum
324 984 355 1018 ne
372 966 465 1018 nostros
482 967 546 1017 avidi
561 970 700 1034 praedentur
715 986 834 1030 amores,

158 1040 192 1091 60
239 1041 270 1091 Et
287 1040 343 1093 satis
359 1039 392 1091 ell
408 1036 417 1091 ¹:
438 1042 528 1108 aliquid
543 1041 655 1108 pauperis
671 1040 718 1092 effe
733 1043 825 1095 sinant.

202 1113 237 1167 At
252 1132 335 1174 nunc,
354 1127 466 1181 exaequet
481 1115 581 1165 tetricas
597 1115 656 1166 licet
671 1116 712 1165 illa
727 1116 849 1177 Sabistas,

239 1190 345 1255 Imperat
361 1200 388 1238 ut
405 1202 501 1255 captae,
522 1188 562 1255 qui
580 1188 636 1237 dare
653 1190 727 1239 multa
742 1188 834 1258 potest.

202 1262 248 1315 Me
263 1262 377 1328 prohibet
393 1262 470 1312 cullos
486 1278 495 1315 t
512 1262 536 1311 in
552 1278 591 1313 me
604 1261 674 1312 timet
687 1263 728 1313 illa
745 1264 869 1317 maritum.
971 1304 976 1308 .

239 1336 264 1385 Si
281 1335 406 1393 dederim,
429 1334 481 1386 toti
499 1335 572 1387 cedet
589 1349 691 1403 uterque
708 1338 793 1386 domo.
900 1357 906 1363 ·

159 1403 229 1468 650
248 1409 254 1457 !
271 1408 291 1459 si
308 1408 411 1477 negleili
429 1410 553 1475 quisquam
567 1409 637 1459 Deus
655 1410 721 1459 ultor
737 1411 863 1469 amantiss

239 1481 301 1532 Tam
317 1482 379 1531 male
397 1483 510 1549 quaesitas
526 1484 627 1551 pulvere
641 1494 719 1533 mutet
735 1484 817 1551 opes!

234 1592 889 1665 s—-ssfflf

276 1706 280 1711 ’
375 1712 632 1777 ELEGIA
672 1712 747 1775 IX.

203 1804 290 1921 M
299 1882 426 1925 sucosa
438 1874 459 1924 si
469 1884 563 1932 mater,
580 1885 657 1924 mater
667 1870 772 1938 ploravit
783 1868 903 1923 Achillen
915 1906 927 1932 ,

242 1943 273 1993 Et
287 1957 389 2013 tangunt
404 1964 499 2017 magnas
515 1947 589 1997 tristia
602 1951 652 1997 fata
669 1947 759 2004 Deas3

204 2016 302 2069 Flebilis
318 2020 448 2087 indignos,
466 2020 587 2088 Elegeia,
605 2021 672 2070 solve
690 2020 800 2086 capillos.

242 2092 279 2139 Ah
298 2092 305 2143 Ξ
322 2094 392 2144 nimis
409 2111 439 2145 ex
457 2111 518 2144 vero
535 2111 599 2144 nunc
616 2094 660 2144 tibi
674 2110 760 2143 nomen
778 2091 846 2143 erit!

179 2163 248 2225 5Ille
265 2166 302 2214 tui
315 2179 384 2217 vates
399 2168 480 2233 operis
492 2200 499 2226 ,
517 2179 559 2217 tua
575 2167 656 2225 fama,
673 2166 806 2225 Tibullus,

240 2236 318 2288 Ardet
334 2239 359 2289 in
375 2240 493 2291 exstruiio
512 2257 600 2307 corpus
618 2241 689 2290 inane
705 2256 778 2306 rogo.

204 2308 288 2370 Ecce,
306 2330 367 2377 puer
381 2314 487 2366 Veneris
502 2313 550 2363 fert
566 2312 722 2379 eversamque
739 2313 900 2379 pharetram,

240 2382 272 2431 Et
288 2383 376 2436 frailos
395 2402 484 2443 arcus,
506 2387 533 2437 δι
548 2387 601 2437 sine
617 2387 672 2436 luce
690 2386 779 2438 facem.

204 2454 310 2520 Aspice,
328 2459 436 2511 demissis
452 2472 481 2510 ut
496 2472 536 2510 eat
551 2460 690 2511 miserabilis
705 2458 770 2517 alis3

137 2558 139 2564 ι
161 2541 194 2578 10
240 2528 387 2597 Peiloraque
403 2532 488 2583 infesti
501 2534 588 2584 tundat
604 2546 687 2599 aperta
702 2549 782 2582 manu.

203 2600 332 2668 Excipiunt
350 2605 423 2672 sparsi
439 2608 558 2674 lacrymas
573 2624 618 2673 pet
636 2607 699 2657 colla
716 2604 818 2672 capilli,

240 2674 358 2745 Oraque,
377 2678 483 2745 singultu
500 2681 675 2739 concutiente,
694 2680 789 2730 sonant.

127 2808 151 2817 ,-
203 2748 293 2799 Fratris
311 2750 335 2800 in
349 2750 436 2803 AEneae
455 2754 490 2802 sic
508 2753 576 2803 illum
592 2754 678 2805 funere
696 2754 780 2803 dicunt

240 2822 362 2891 Egrell'um
379 2825 468 2884 teilis,
484 2829 587 2892 pulcher
604 2826 677 2884 lirle,
695 2826 754 2877 tuis.

162 2906 191 2955 15
204 2894 257 2945 Nec
276 2896 351 2949 mincis
369 2899 402 2949 eli
420 2899 519 2949 confusa
533 2903 640 2960 Venus,
659 2900 779 2951 moriente
795 2897 918 2962 Tibullo,

240 2966 319 3032 Quam
333 2971 417 3039 juveni
433 2972 497 3039 rupit
514 2972 569 3025 crim
582 2974 649 3026 ierus
664 2974 752 3043 inguen
768 2989 839 3040 aper.
934 3020 937 3023 Α
