2034 3709
195 235 268 309 ¹32
319 215 526 285 Orrnrr
553 214 806 286 Amonvrr

189 335 246 383 Nec
261 346 310 392 tu.
327 333 415 399 siquis
431 333 479 384 erit
496 331 582 398 capitis
596 331 709 382 mercede
723 332 853 386 redemtus
867 341 880 392 ,’

226 405 334 472 Despice
351 406 445 474 gypsati
458 407 550 456 crimen
564 405 635 456 inem
649 405 728 470 pedis.
768 451 771 456 .

146 475 180 539 65
191 479 245 530 Nec
261 491 288 530 te
304 478 426 545 decipiant
440 490 540 530 veteres
557 477 707 545 quinquatria
723 493 787 528 cerae
800 494 809 529 r
822 480 834 501 ·
865 528 872 534 ,

227 551 302 602 Tolle
315 564 373 602 tuos
388 564 489 610 tecum,
507 567 600 618 pauper
614 563 726 609 amator,
743 567 825 602 avos..

191 621 276 686 Quid?
287 624 342 690 quia
349 625 451 692 pulcher
459 625 521 683 erit,
531 623 616 692 poscet
624 623 676 674 sine
684 639 786 674 munere
795 617 920 676 nollem?

227 695 305 760 Quod
319 697 380 757 der,
398 709 531 748 amatorem
546 697 641 764 flagitet
655 708 713 746 ante
729 696 808 748 suum.

190 768 290 820 Parcius
306 770 396 838 exigito
412 770 515 838 pretium
528 802 536 827 ,
553 770 609 819 dunt
625 769 686 818 retia
700 769 803 829 tendis,

146 855 182 903 70
227 844 267 892 Ne
281 842 394 911 fugiant:
407 855 493 910 captos
506 843 601 910 legibus
615 857 659 891 ure
673 840 732 892 tuis.

190 916 246 966 Nec
261 914 346 966 nocuit
360 915 483 966 simulatus
498 932 586 976 amon
604 914 656 966 sine
672 915 757 966 credet
773 913 872 968 amari:

227 988 277 1039 Sed
292 1004 372 1046 cave,
389 1005 421 1041 nc
437 988 511 1056 gratis
526 990 565 1038 hic
582 987 627 1038 tihi
643 987 735 1038 constet
751 1005 832 1040 arnor.

190 1061 261 1126 Saepe
275 1077 338 1129 nega
353 1061 437 1112 nolles
455 1077 464 1111 t
481 1062 567 1128 capitis
582 1059 655 1112 modd
669 1059 733 1128 finge
750 1061 893 1122 dolorem

225 1133 258 1184 Et
275 1131 369 1194 modo,
387 1152 440 1204 quae
457 1133 538 1184 causas
554 1135 682 1202 praebeat,
701 1134 746 1184 Isis
763 1135 822 1184 erit.

146 1219 178 1267 75
191 1206 254 1257 Mox
270 1208 352 1274 recipe
364 1240 374 1266 ,
392 1221 420 1258 ut
433 1209 526 1258 nullum
542 1207 648 1274 patiendi
664 1207 764 1273 colligat
777 1207 869 1266 usum3

225 1281 297 1330 Neve
314 1281 458 1331 relentescat
472 1281 535 1347 saepe
552 1279 659 1347 repulsus
675 1295 753 1329 amor.

188 1351 265 1402 Surda
281 1353 313 1403 sit
328 1353 407 1403 oranti
420 1366 462 1404 rua
474 1352 564 1419 janua,
582 1355 636 1402 laxa
654 1351 754 1403 ferenti.

225 1422 315 1474 Audiat
333 1426 425 1476 exclusi
441 1427 516 1476 verba
532 1414 646 1493 re'ceptus
662 1441 753 1476 amans.

188 1497 239 1556 Et,
257 1498 325 1564 quasi
334 1498 388 1548 laela
398 1499 465 1564 prior
475 1531 483 1558 ,
501 1515 678 1566 nonnumquam
689 1498 792 1550 irascere
804 1498 861 1552 laeso
873 1515 884 1552 r

144 1565 178 1619 80
223 1571 346 1622 Vanescat
363 1573 434 1638 culpi
447 1573 522 1639 ‘culpa
538 1571 638 1638 repensa
656 1570 705 1622 rui.

187 1643 236 1694 Sed
252 1661 380 1710 numquam
396 1645 492 1696 dederis
507 1645 634 1710 spatiosum
650 1656 744 1712 tempus
760 1644 786 1697 iu
800 1645 886 1698 irem·-

224 1716 293 1782 Saepe
312 1717 446 1767 simultates
459 1718 495 1768 ira
511 1731 602 1769 morare
618 1717 690 1770 facit„
744 1719 748 1727 “

187 1786 254 1852 Quin
269 1789 341 1854 etiam
357 1790 447 1840 discant
461 1791 527 1840 oculi
540 1793 673 1858 lacrymare
688 1789 788 1843 coastir

222 1861 255 1910 Et
271 1861 360 1925 faciant
375 1863 434 1914 udas
449 1863 492 1913 illa
507 1866 548 1914 vel
562 1864 602 1912 illa
621 1880 704 1930 genas.

143 1929 175 1992 85
186 1933 241 1982 Nec
255 1967 263 1993 ,
279 1933 300 1985 si
315 1951 386 2002 quem
400 1936 491 1994 falles,
510 1948 537 1986 tu
550 1935 675 2002 perjurare
689 1936 788 1988 timeto.

193 2042 199 2050 .
223 2005 368 2060 Commodat
381 2009 458 2059 illusis
473 2010 569 2059 numina
586 2007 654 2059 surda
670 2009 778 2062 Venus..

185 2076 275 2130 Servus
291 2081 317 2149 dt
333 2082 364 2131 ad
380 2095 461 2149 partes
478 2081 561 2134 sollers
578 2083 664 2132 ancilla
680 2075 817 2149 parentur,

221 2151 272 2215 Qui
287 2153 392 2205 doceant
404 2152 486 2221 ‚apti
502 2154 559 2220 quid
574 2153 617 2204 tibi
633 2155 712 2221 possit
728 2157 786 2206 emi.

184 2223 216 2274 Et
227 2225 274 2278 sibi
288 2243 363 2292 pauca
378 2239 467 2295 rogent
482 2242 490 2278 t
505 2229 594 2278 multos
608 2228 628 2276 si
644 2245 721 2294 pauca
734 2229 883 2296 rogabunt5

139 2307 174 2359 90
220 2286 349 2350 Postmodo
365 2300 396 2349 de
413 2300 495 2366 stipula
511 2299 605 2367 grandis
621 2317 723 2352 acervus
740 2303 797 2352 erit.

182 2368 216 2420 Et
227 2369 295 2440 sotor
305 2404 313 2429 ,
325 2371 351 2421 ὅ(
361 2384 438 2423 mater
449 2406 456 2431 ,
472 2373 553 2424 nutrix
564 2390 660 2440 quoque
671 2386 753 2442 carpat
763 2387 904 2438 amantem·
927 2425 931 2434 .

219 2443 258 2494 Fit
272 2443 382 2511 citdhper
398 2447 484 2498 multas
498 2445 579 2511 praeda
595 2447 672 2512 petita
689 2463 784 2501 manus.

182 2512 247 2565 cum
259 2527 286 2566 te
300 2515 415 2569 deficient
429 2519 546 2585 poscendi
560 2535 659 2570 munera
675 2516 750 2572 cause
762 2553 773 2580 „

218 2589 330 2639 Natalem
348 2590 398 2640 libo
416 2590 542 2646 testificare
559 2604 636 2646 tuum.

59 2680 62 2684 ⁴
137 2671 171 2724 95
181 2661 221 2713 Ne
238 2662 334 2713 securus
350 2676 432 2722 emet,
450 2665 518 2715 nullo
533 2665 627 2724 rivale,
647 2678 743 2718 caveto.

217 2736 276 2785 Non
289 2738 370 2794 bene,
388 2737 407 2786 si
421 2737 494 2788 tollas
510 2738 614 2804 proelia,
636 2737 705 2790 durat
721 2751 801 2797 autor·¹
863 2725 865 2730 Ι

181 2802 289 2862 Alterius
305 2821 360 2859 toto
376 2809 459 2860 videat
473 2807 570 2876 vestigia
586 2809 670 2868 ledo,

164 2880 169 2907 ¹
217 2879 336 2952 fanaque
351 2881 443 2946 lascivis
458 2871 530 2938 iride
548 2884 609 2938 colla
625 2884 701 2941 uotis.
739 2880 742 2888 Δ
