2034 3709
160 262 548 337 HunornrscEP.
572 268 676 339 XIII.
725 288 778 363 57

60 381 203 451 linguaque
217 385 352 435 mandantis
361 387 436 435 verba
447 384 586 453 imperseila
595 363 724 453 relinquit:

96 458 149 508 Vix
161 459 225 509 illud
242 459 323 525 potuit
333 458 489 509 diceretrille
500 460 574 511 Vale.

64 530 179 585 lurubtu't
186 532 293 589 Boreas,
309 532 456 598 abreptaque
465 534 520 581 vela
530 532 656 585 tetendit:
734 546 738 553 '
786 546 820 597 15

98 601 202 671 Jamque
213 621 281 655 meus
297 604 369 672 longi
383 604 528 655 Protesilaiis
538 619 600 657 erat.

63 675 129 727 Dum
140 678 214 743 potui
226 677 332 743 speilare
342 679 419 729 virum
431 711 439 737 ,
450 678 555 744 speilare
566 678 682 746 juvabat}

97 750 206 817 Sumque
215 762 271 800 tuos
282 751 369 803 oculos
380 752 454 819 usque
466 752 548 801 secuta
561 754 630 803 meis.

63 821 98 873 Ut
110 834 136 871 te
147 840 199 873 non
209 836 320 889 poteram
329 857 338 883 ,
348 837 460 891 poteram
469 839 511 875 tua
524 827 580 876 vela
590 826 673 877 videre
686 840 695 877 t

99 896 166 947 Vela
178 897 220 946 diu
234 898 315 947 vultus
328 898 455 948 detinuere
469 915 548 949 meos.
787 910 822 947 20

64 966 98 1018 At
108 969 232 1036 postquam
243 983 341 1030 necte,
357 988 402 1022 nec
415 973 470 1021 vela
482 972 578 1038 sugacia
589 971 657 1031 vidi,

101 1043 134 1092 Et
145 1043 214 1110 quod
226 1043 357 1110 speiiarem
363 1076 373 1101 ,
383 1045 419 1095 nil
427 1044 473 1095 nisi
483 1057 572 1111 pontus
581 1057 649 1103 erat3

64 1114 116 1175 Lux
127 1133 226 1183 quoque
236 1130 319 1169 tecum
328 1116 404 1168 abiit:
420 1118 528 1169 tenebris
540 1118 664 1185 exsanguis
675 1113 767 1167 obortis

101 1189 227 1240 Succiduo
237 1191 305 1241 dicor
313 1188 463 1257 procubuisse
474 1208 548 1258 genu.

64 1262 114 1313 Vix
127 1262 198 1323 socer
210 1264 332 1329 Iphiclus,
346 1265 387 1313 vix
401 1281 440 1313 me
456 1264 597 1330 grandaevus
610 1262 732 1321 Acastus,
786 1276 802 1311 2
807 1273 820 1324 5

99 1336 151 1387 Vix
163 1336 244 1387 mate'r
252 1338 331 1405 gelidi
340 1337 417 1386 mesia
428 1338 516 1387 refecit
531 1338 602 1405 aqui.

67 1406 184 1459 Officium
196 1409 280 1461 secere
290 1412 370 1477 pium,
381 1410 421 1459 sed
434 1410 518 1459 inutile
530 1410 611 1463 nobis·

100 1482 219 1550 Indignor
230 1483 321 1533 miserae
331 1500 380 1533 non
393 1482 483 1533 licuisse
491 1484 562 1533 mori.

68 1555 103 1605 Ut
117 1556 192 1605 rediit
205 1557 314 1614 animur,
331 1556 421 1622 pariter
439 1556 533 1605 rediere
543 1556 658 1607 dolorest

101 1627 204 1679 Peiiora
215 1630 335 1696 legitimus
345 1629 405 1679 casia
414 1630 543 1680 momordit
552 1646 629 1679 amor.
787 1638 821 1692 30

70 1701 122 1751 Nec
133 1702 191 1751 mihi
201 1702 333 1768 peciendos
343 1720 400 1753 cura
410 1702 444 1752 est
457 1704 565 1767 prebere
575 1702 673 1767 capillos
685 1716 697 1752 r
779 1720 783 1730 ·
794 1720 799 1727 ·

104 1776 159 1824 Nec
170 1775 231 1825 libet
241 1775 325 1825 aurati
333 1792 436 1841 corpora
446 1775 512 1825 veste
525 1776 585 1843 tegi.

71 1847 106 1897 Ut
119 1865 180 1915 quas
194 1850 321 1915 pampinei
331 1848 433 1917 tetigiffe
441 1849 583 1915 Bicorniger
591 1846 654 1896 hasii

104 1921 235 1981 Creditur,
246 1922 292 1971 lruc
300 1922 357 1970 illuc
367 1955 375 1980 ,
385 1921 435 1988 qud
443 1922 511 1975 suror
524 1922 591 1988 egit,
604 1937 645 1969 eo.

72 1992 230 2045 Conveniunt
242 2007 330 2044 matres
339 1994 496 2061 Phylleides,
509 1995 535 2043 δε
545 1994 602 2043 mihi
611 1996 713 2043 clamant
720 2006 730 2049 ς
790 2002 803 2055 3
810 2005 822 2052 5

107 2067 186 2117 lndue
202 2069 311 2135 regales,
322 2068 466 2126 Laodamia,
478 2068 553 2117 sinus.

74 2139 170 2196 Scilicet
181 2141 231 2205 ipsa
244 2157 326 2207 geram
339 2140 454 2191 saturatas
466 2141 556 2191 murice
566 2138 659 2197 vestes,

107 2214 174 2263 Bella
192 2214 234 2263 sub
248 2215 327 2263 iliacis
342 2215 460 2264 moenibus
474 2214 516 2263 ille
532 2210 623 2280 gerat?

75 2286 123 2352 lpsa
132 2304 215 2337 comas
229 2287 329 2353 pestar,
335 2287 404 2354 galei
413 2300 487 2353 caput
496 2287 537 2336 ille
548 2297 667 2352 prematur
679 2280 691 2333 i

109 2360 160 2425 Ipsa
174 2378 252 2410 novar
263 2359 341 2409 veliet
353 2393 360 2419 ,
374 2360 432 2409 dura
445 2362 482 2409 vir
499 2376 563 2409 arma
577 2355 662 2409 letati
790 2369 826 2417 40

29 2481 30 2492 ,
79 2429 130 2494 Qui
143 2432 255 2499 possum,
272 2433 383 2499 squalore
397 2444 452 2483 tuos
471 2432 561 2483 imitata
577 2432 673 2481 labores

110 2506 186 2556 Dicar
197 2522 205 2557 t
219 2508 245 2557 δι
256 2507 311 2556 haec
319 2506 377 2555 belli
387 2518 496 2571 tempora
505 2505 576 2555 trillis
588 2520 664 2569 agam.

80 2576 198 2629 Dux·Pari
209 2578 347 2637 Priamide,
365 2579 451 2629 damno
467 2578 571 2630 formose
586 2590 699 2632 tuorum,
801 2598 804 2609 ·

110 2651 169 2702 Tam
185 2654 218 2703 sis
232 2651 306 2701 hosiis
319 2654 384 2701 iners
395 2686 403 2711 ,
414 2655 484 2718 quim
498 2654 575 2701 malus
585 2649 673 2715 hospes
684 2664 746 2699 eras.

82 2721 125 2773 dut
137 2737 163 2775 te
173 2726 297 2778 Taenaria
309 2726 397 2775 faciem
413 2723 514 2791 culpasse
532 2724 623 2777 maritae
635 2755 646 2781 ,
793 2732 826 2781 45

113 2796 160 2848 Aut
174 2800 209 2848 illi
228 2800 321 2848 vellem
338 2798 477 2863 displicuisse
494 2810 569 2851 tuam.

85 2866 129 2929 Tu,
143 2874 183 2937 qui
195 2890 242 2938 pro
260 2884 331 2937 rapta
350 2870 461 2930 nimidm,
474 2870 606 2928 Menelai,
621 2869 734 2925 laboras„

112 2943 158 2995 liei
171 2947 231 2996 mihi
244 2944 250 2993 l
271 2948 344 3011 quipn
358 2944 534 3008 multisflebilis
548 2944 613 2995 ultor
625 2942 671 2991 eris
685 2939 697 3013 l·

655 3012 677 3064 C
689 3027 705 3065 r
