2034 3709
208 237 281 307 182
331 235 544 306 Orrrm
569 235 825 305 Arionis-rr

145 371 177 408 10
182 371 194 419 5
206 360 240 409 At
255 359 300 407 tibi
316 374 361 423 pro
376 356 468 405 meritis
482 368 563 421 opto,
581 372 632 405 non
648 354 750 404 candide
765 368 888 417 torrens,
1015 349 1016 415 l

242 432 294 481 Sint
309 430 387 498 rapidi
402 429 484 488 soles,
501 430 615 497 siccaque
632 428 725 495 semper
740 430 829 480 hiems.

195 614 200 624 x
234 537 888 610 ί-Μ-ᾏῩβΞ--τ--Φ

352 657 605 723 ELEGIA
654 658 771 722 VII.

205 751 297 871 ,ΑΤ
309 834 359 868 non
369 818 473 870 formosa
484 818 518 869 eu
529 834 538 870 r
549 832 575 870 at
585 836 634 869 non
644 820 708 869 bene
718 818 784 867 culta
794 817 878 884 puella
890 832 900 868 a

241 890 295 947 At,
313 905 393 959 puto,
409 910 458 943 non
474 893 540 943 votis
558 893 620 959 sepe
636 894 713 959 petita
729 891 800 943 meir.

204 964 276 1014 Hanc
291 978 372 1015 tarnen
386 967 411 1015 in
425 967 506 1015 nullos
521 966 588 1016 tenui
603 966 665 1015 male
683 965 811 1033 languidus
825 962 904 1024 usus,

241 1037 289 1087 Sed
305 1037 370 1103 jacui
385 1040 456 1107 pigro
472 1040 563 1089 crimen
580 1052 689 1105 onusque
704 1051 773 1089 toro.

181 1110 260 1171 5Nec
277 1112 347 1176 potui
364 1114 483 1181 cupienp,
501 1112 592 1179 pariter
608 1114 721 1179 cupiente
737 1110 841 1178 puelli,

242 1184 350 1251 Inguinis
367 1184 433 1236 esseti
449 1198 518 1253 parte
535 1185 634 1251 juvante
651 1185 710 1236 srui.

204 1256 249 1305 llla
264 1258 360 1323 quidem
374 1259 455 1309 nostro
471 1258 572 1325 subjecit
587 1261 693 1309 eburnea
707 1258 776 1309 eollo

241 1330 362 1390 Brachia,
381 1333 491 1382 Sithonia
507 1333 645 1383 candidiora
662 1333 739 1383 nivet

205 1401 343 1469 Osculaque
359 1404 458 1455 inseruit
476 1406 568 1472 cupidae
584 1406 695 1455 lullantia
711 1406 823 1473 linguat:
866 1436 869 1457 t

164 1486 196 1522 ιο
242 1474 366 1526 Lascivum
384 1478 471 1527 semoti
487 1478 658 1545 supposuitque
674 1479 762 1529 femur.

203 1546 236 1597 Et
251 1550 309 1599 mihi
323 1551 449 1601 blanditias
467 1552 546 1609 dixit,
564 1552 743 1618 Dominumque
759 1550 887 1603 vocavit:

243 1622 274 1671 Et
290 1640 343 1690 quar
358 1637 477 1690 praeterea
493 1624 588 1691 publica
604 1624 702 1675 verba
695 1636 789 1691 juvant.

204 1693 279 1744 ‘salla
294 1709 376 1746 tamen
392 1698 470 1748 veluti
484 1698 565 1765 gelida
580 1714 633 1748 rnea
650 1699 755 1748 membra
772 1696 876 1757 cicuta,

240 1768 328 1835 Segnia
343 1771 494 1856 propositum
512 1770 641 1822 destituere
659 1771 735 1821 suurn.

164 1839 342 1901 15Truncus
334 1859 399 1893 iners
414 1843 497 1910 jacui,
516 1844 608 1910 species
624 1845 650 1895 δι
666 1845 750 1896 inutile
764 1843 885 1910 pondus:
1015 1832 1016 1895 l

242 1916 296 1966 Nec
313 1917 367 1967 satis
383 1917 491 1967 erastum
507 1917 559 1977 esi,
577 1934 665 1984 corpus
682 1934 712 1967 an
728 1918 812 1968 umbra
829 1919 923 1969 sorem.

204 1986 268 2053 Quae
279 1989 336 2039 rnrhi
346 2004 448 2041 ventura
458 1990 492 2041 est
502 1988 515 2055 (
525 1991 641 2075 siquidem
652 1993 777 2059 vennrra)
791 1989 922 2041 senedlus²

242 2061 304 2112 Crini
321 2064 384 2114 desit
400 2065 504 2114 numeris
521 2064 594 2130 ipsa
586 2078 685 2130 juventa
702 2064 759 2115 suis.

204 2132 244 2185 Ah
255 2138 331 2199 pudet
339 2154 475 2187 annorum.
470 2136 476 2171 ⁸
489 2154 539 2205 quo
548 2154 586 2187 me
595 2136 759 2205 juvenemque
769 2138 900 2205 virumque
910 2170 922 2199 ,

161 2219 196 2256 20
241 2209 317 2258 Nec
309 2228 443 2274 juvenem,
461 2228 507 2261 nec
523 2228 562 2261 nte
580 2211 653 2261 sensit
667 2212 744 2261 amica
758 2212 848 2262 virum.

204 2280 244 2331 sic
259 2282 365 2334 flammas
378 2285 471 2334 aditura
487 2284 539 2350 pias
554 2298 644 2336 aeterna
660 2284 772 2334 sacerdos

240 2355 341 2423 Surgit,
361 2358 388 2407 &
402 2374 415 2406 a
433 2375 490 2407 caro
506 2358 581 2408 sratre
596 2359 704 2408 verenda
720 2358 799 2409 soror.

203 2426 239 2477 At
256 2446 333 2493 nuper
351 2430 387 2481 bis
400 2430 463 2480 dara
479 2430 586 2489 Chlide,
603 2443 643 2481 ter
660 2431 761 2481 candida
778 2430 869 2491 Pitho,

239 2500 291 2550 Ter
299 2502 370 2553 Libas
384 2502 467 2555 officio
483 2505 623 2555 continuata
639 2516 705 2555 meo.

157 2589 190 2638 25
203 2574 307 2641 Exigere
324 2592 337 2624 a
355 2578 446 2636 nobis,
464 2576 560 2645 angusta
577 2578 667 2635 nolle,
689 2576 843 2637 Corinnam,

239 2648 283 2699 Me
300 2651 399 2699 memini
413 2668 528 2701 numeros
545 2650 672 2701 sustinuisse
691 2666 791 2703 norem.

198 2721 267 2771 Num
280 2740 334 2772 rnea
348 2724 486 2773 Thessalico
501 2725 617 2793 languent
633 2726 722 2775 devota
736 2742 836 2776 veneno

239 2794 371 2864 Corpora?
385 2814 441 2845 ntrrn
455 2798 541 2848 misero
557 2815 653 2849 carmen
671 2800 696 2850 dt
710 2800 786 2849 herba
801 2794 917 2851 nocent?

95 2904 101 2917 .
201 2868 295 2936 Sagave
310 2870 416 2919 Puniceir
432 2869 517 2919 desinit
534 2872 629 2921 nomina
644 2872 720 2930 ceth,

157 2952 193 3005 30
238 2943 270 2993 Et
285 2944 391 2994 medium
407 2955 494 2995 tenues
510 2944 618 3012 injecur
636 2944 787 3015 agitaruut?

1015 3174 1016 3215 l
