2034 3709
231 303 306 356 102
339 280 382 352 P.
408 277 597 351 Oranti
621 275 843 349 Nasoms
916 337 919 341 .

257 413 909 488 μμ--ἧῇἒ--Ξπὺ

344 543 825 634 nrmronnxm

321 682 573 741 Acoranrvs
615 679 852 740 Crnrrnaz.

231 774 349 888 Pon
363 846 453 886 menam
468 852 476 887 r
489 834 548 886 nihil
562 833 602 886 bic
616 836 703 886 iterum
717 833 807 902 jurabis
825 836 925 888 amanti.

267 909 402 960 Promissam
417 909 473 959 satis
487 909 520 974 eli
535 922 560 959 te
576 911 649 960 semel
665 907 711 958 esse
726 910 794 960 mihi.
855 895 882 936 Χ

231 983 333 1050 Perlege
349 999 357 1033 t
376 983 482 1033 discedat
496 983 531 1032 sic
545 997 652 1052 torpore
666 985 767 1050 languor
784 983 814 1032 ab
829 981 894 1042 itto,
997 987 998 1010 l

268 1057 319 1120 Qui
333 1073 400 1106 meus
416 1055 469 1115 esi,
486 1053 535 1106 nul
548 1071 617 1122 parte
632 1056 751 1114 dolente,
768 1056 850 1105 dolor.
997 1097 998 1122 ἒ

208 1155 221 1203 5
234 1131 299 1196 Quid
310 1131 388 1197 pudor
398 1146 441 1180 ora
452 1129 514 1180 subit
526 1127 537 1177 ἓ
554 1145 607 1178 nam
619 1163 626 1188 ,
641 1130 704 1178 sicut
714 1129 738 1178 in
748 1129 800 1180 arde
810 1129 919 1189 Dianae,
951 1159 953 1162 v
997 1131 998 1192 ζ

268 1205 380 1270 Suspicor
396 1204 511 1270 ingenuas
527 1201 644 1252 erubuiffe
661 1216 744 1269 genas.

233 1276 379 1343 Coniugium
395 1277 534 1342 pastumque
550 1275 642 1333 sidem,
663 1288 713 1324 non
732 1273 830 1324 crimina
846 1277 940 1342 posco:
997 1281 998 1340 l

268 1350 377 1398 Debitus
392 1361 420 1398 ut
437 1349 545 1416 conjux,
564 1364 613 1398 non
630 1360 658 1398 ut
674 1347 786 1407 adulter,
803 1364 869 1399 amo.

230 1423 316 1474 Verba
331 1423 393 1472 lieet
405 1433 523 1488 repetas,
543 1437 596 1488 quae
615 1419 709 1471 demtus
726 1421 755 1470 ab
772 1423 861 1472 arbore
880 1423 944 1473 letus

190 1517 222 1553 10
269 1495 372 1545 Pertulit
389 1495 527 1554 adtritas,
545 1511 584 1546 rne
600 1493 728 1560 jaciente,
746 1509 851 1554 manus5

232 1569 344 1618 Invenies
361 1567 411 1618 illic
427 1568 451 1618 id
467 1581 493 1618 te
511 1569 647 1634 spondere,
671 1568 737 1634 quod
752 1577 813 1634 opto

268 1641 307 1690 Te
320 1643 421 1708 potius,
438 1642 529 1707 virgo,
548 1645 617 1706 quarn
633 1639 761 1690 meminisse
778 1641 870 1690 Deam.

231 1712 304 1763 Nunc
314 1731 410 1780 quoque
417 1714 576 1763 idemtimeou
586 1713 626 1762 sed
635 1713 698 1763 idem
705 1725 785 1763 tamen
794 1712 874 1787 acpitis
884 1714 950 1764 illud'

268 1787 380 1836 Asiumsit
395 1787 479 1844 vires,
499 1787 615 1852 auslaque
629 1787 721 1836 flamma
736 1786 803 1836 mord
819 1787 862 1837 est.

191 1879 221 1927 15
232 1859 330 1924 Quique
341 1861 387 1909 fult
396 1877 524 1926 numquam
536 1873 623 1925 parvus
634 1877 642 1918 ς
655 1875 718 1910 nunc
729 1867 839 1927 tempore
849 1863 928 1930 longo

268 1933 300 1983 Et
310 1935 368 2000 spe,
388 1951 458 2000 quarn
469 1933 570 1982 dederas
581 1945 608 1982 tu
618 1933 676 1982 mihi
689 1968 696 1992 ,
713 1935 790 1984 crevit
801 1951 880 1985 amor.

232 2007 305 2074 Spem
316 2009 374 2055 milri
384 2020 413 2056 tu
424 2007 524 2056 dederas
536 2021 544 2056 τ
556 2023 623 2056 meus
633 2005 672 2056 bic
683 2007 726 2056 tibi
736 2007 839 2058 credidit
848 2007 925 2058 ardor
938 2025 947 2059 ε

269 2082 326 2130 Non
341 2093 412 2146 potes
427 2081 475 2129 boc
489 2080 576 2129 fastum
588 2079 649 2130 teste
665 2095 753 2148 negare
766 2077 833 2130 Det.

231 2153 318 2203 Adfuit
329 2187 337 2211 ,
354 2155 378 2204 dt
388 2153 510 2218 praesens,
525 2166 552 2202 ut
563 2166 648 2210 erant,
666 2165 707 2203 tua
716 2155 791 2203 uerba
800 2155 898 2205 notavit
909 2171 918 2206 ι

191 2245 226 2280 20
272 2225 303 2276 Et
318 2227 367 2274 visa
383 2225 416 2275 est
432 2226 498 2276 moti
517 2227 578 2276 diua
592 2226 701 2294 probasse
719 2225 797 2276 cumb.

234 2298 372 2363 Deceptam
387 2299 452 2349 dicas
469 2299 548 2348 noslrb
562 2312 588 2350 te
604 2299 688 2350 fraude
704 2300 807 2359 licebit,
836 2309 839 2318 ’

269 2371 336 2420 Dum
351 2372 441 2421 fraudis
455 2371 540 2422 nodrae
559 2372 628 2422 causa
644 2373 735 2422 seratur
749 2390 826 2424 amor.

233 2443 376 2494 Fraus'mea
390 2445 447 2511 quid
461 2445 550 2511 petiit,
567 2445 612 2496 nisi
625 2447 661 2496 uti
675 2447 719 2496 tibi
733 2447 849 2514 jungerer
863 2443 929 2496 uni?

172 2578 173 2581 Ἴ
271 2517 299 2565 ld
314 2534 371 2576 rne,
388 2520 453 2584 quod
470 2520 599 2585 quereris,
619 2520 749 2570 conciliare
765 2519 854 2585 potest.

190 2606 222 2655 25
232 2591 291 2640 Non
308 2606 356 2656 ego
371 2591 475 2651 naturd,
493 2609 540 2642 nec
555 2591 605 2643 sum
619 2603 667 2642 tam
684 2593 782 2646 callidus
798 2593 862 2644 usu:

271 2662 391 2714 Solertem
407 2677 435 2714 tu
450 2680 489 2714 me
502 2698 510 2724 ,
528 2667 621 2724 crede,
638 2668 738 2732 puella,
754 2667 823 2716 sacis.

234 2737 274 2788 Te
289 2736 346 2786 mihi
362 2738 502 2804 compositis
518 2735 530 2802 (
544 2736 634 2806 siquid
649 2751 731 2791 tamen
745 2741 837 2810 egimus
853 2741 864 2810 )
879 2757 893 2790 a
908 2757 948 2790 tne

271 2810 386 2861 Asitinrtit
399 2811 481 2862 verbis
497 2812 633 2879 ingeniosus
648 2812 734 2863 Amor.

235 2883 338 2936 vittatis
354 2885 383 2934 ab
399 2903 430 2935 eo
445 2884 493 2935 feci
507 2885 622 2952 sponsalia
638 2889 739 2946 verbis,

103 3021 109 3032 ·
192 2967 227 3019 30
273 2957 440 3028 Consultoque
456 2959 491 3011 fui
506 2959 566 3028 juris
582 2959 674 3012 Amore
690 2960 768 3014 vafer.
