2034 3709
223 289 276 362 92
323 268 365 339 P.
394 267 581 340 Orruit
606 267 831 340 Nasam

225 389 352 456 Alcyones
367 387 426 438 sole
441 405 561 439 memores
576 387 666 456 Ceycis
680 389 774 447 amati,

116 524 122 534 ·
262 461 352 512 Nescio
367 461 425 527 quid
439 463 495 511 vise
512 461 565 512 sunt
580 463 639 512 mihi
653 461 725 510 dulce
742 459 822 528 queri.

226 533 328 600 lamque
343 534 449 602 satigatis
464 536 566 585 onmem
583 534 625 584 sub
643 546 748 600 utroque
765 532 861 584 lacertis
874 539 888 591 ‚'

263 606 371 660 Fortiter
386 610 414 656 io
427 608 528 657 summas
542 608 625 676 erigor
639 608 704 658 altus
717 605 807 674 aquas?

183 680 216 743 85
229 681 264 732 Ut
281 683 368 746 procul
381 681 463 746 aspexi
476 681 577 740 lumen,
596 681 671 731 Meus
686 681 748 748 iguis
764 681 795 736 im
804 681 845 730 illo
861 676 928 728 est:

263 753 309 804 llla
324 771 425 812 merim,
443 753 511 812 diri,
530 755 602 805 litora
617 769 705 803 numen
719 753 820 803 habent.

228 827 261 878 Et
275 826 354 877 subird
368 827 436 878 laesis
451 829 518 877 vires
531 828 627 878 rediere
642 829 765 878 lacertis:

264 901 387 967 Visaque,
406 903 476 966 quim
489 901 589 959 suerat,
606 901 703 951 mollior
718 901 781 950 unda
798 900 864 950 milli.

227 973 327 1040 Frigora
343 989 375 1022 oe
391 973 482 1039 possim
497 973 571 1040 gelidi
588 973 675 1024 sentire
693 973 827 1039 profundi,

188 1059 223 1110 90
269 1045 320 1110 Qui
334 1047 400 1096 calet
414 1047 440 1095 in
455 1047 544 1113 cupido
561 1047 679 1112 pesiore,
698 1045 792 1112 praesiat
806 1062 886 1095 amor.

228 1117 289 1182 Quo
304 1120 379 1188 magis
395 1120 510 1179 accedo,
526 1121 689 1186 propioraque
703 1120 774 1169 litora
788 1117 870 1176 fiunt,

264 1189 372 1259 Qudque
387 1195 465 1243 minus
483 1192 574 1251 restat3
593 1194 647 1259 plus
665 1193 726 1242 libet
744 1193 780 1242 ire
797 1193 863 1241 mihi.

228 1263 291 1318 cum
306 1283 368 1317 vero
383 1265 476 1332 possum
494 1266 562 1316 cerni
578 1282 694 1332 quoque,
713 1265 824 1332 protinus
842 1261 915 1314 addis

263 1333 399 1404 Speelatrix
415 1340 527 1397 animost
546 1350 575 1389 ut
589 1342 730 1404 valeamque
742 1371 751 1396 ,
769 1338 838 1388 sacis.

178 1422 200 1477 ⁴9
205 1423 216 1471 5
229 1410 301 1460 Nunc
317 1411 390 1462 etiam
406 1413 485 1461 nando
502 1412 607 1462 domine
621 1411 733 1478 placuisse
747 1413 853 1470 laboro,

263 1486 346 1551 Atque
362 1485 440 1535 oculis
457 1485 521 1550 iasio
536 1485 633 1535 brachia
651 1484 728 1535 nostra
743 1486 805 1534 tuis.

227 1555 266 1606 Te
282 1569 325 1607 tua
340 1558 381 1609 rix
395 1559 508 1623 prohibet
524 1559 606 1608 nutrix
619 1557 766 1608 descendere
783 1559 807 1606 in
824 1557 925 1606 altum?

266 1629 322 1680 Hoc
337 1647 434 1698 quoque
451 1631 516 1681 enim
533 1631 602 1690 vidi3
625 1648 672 1682 nec
686 1631 744 1680 mihi
758 1633 835 1680 verba
852 1631 940 1680 dabas·

228 1703 282 1752 Nec
298 1715 378 1753 tamen
394 1702 494 1761 effecit,
511 1704 616 1770 quamvis
630 1704 751 1755 retinebat
766 1717 883 1762 euntem,

168 1789 218 1824 100
264 1776 304 1825 Ne
317 1774 388 1826 fieret
402 1776 478 1842 primi
493 1794 537 1842 pes
553 1790 609 1828 tuus
624 1777 685 1828 udus
703 1775 774 1843 aqui.

228 1847 325 1915 Excipis
340 1851 472 1917 amplexu,
492 1850 620 1916 feliciaque
638 1849 718 1900 oscula
733 1847 834 1917 jungit:

266 1922 380 1982 Oscula,
395 1921 431 1973 Di
447 1923 527 1990 magni
545 1922 551 1972 !
568 1936 634 1974 trans
650 1940 716 1974 mare
732 1923 803 1991 digna
820 1921 883 1988 peti.
921 1963 923 1967 .

227 1994 297 2062 Eque
310 1997 358 2048 tuis
375 1996 470 2046 demtos
484 1996 590 2046 humeris
608 1997 669 2046 mihi
681 1996 754 2047 tradis
770 1995 869 2046 amicius
883 2011 895 2047 t

263 2069 295 2118 Et
310 2069 430 2121 madidam
446 2070 524 2120 siccas
543 2070 648 2136 aequoris
664 2069 741 2120 imbre
760 2085 867 2119 comam.

168 2150 216 2199 105
229 2141 320 2192 Cetera
337 2160 386 2194 uox
403 2143 430 2194 &
447 2159 511 2201 nos,
534 2143 560 2194 δι
574 2143 647 2192 turris
664 2143 759 2194 conscia
774 2143 865 2199 novit,

263 2213 386 2281 Quodque
403 2215 460 2265 milri
476 2218 557 2264 lumen
572 2232 617 2281 per
634 2217 695 2266 vada
713 2215 826 2266 monstrat
843 2215 904 2266 iter.

226 2286 281 2335 Nec
296 2289 371 2354 magis
387 2287 451 2338 illius
466 2289 586 2338 numerari
603 2289 688 2355 gaudia
704 2288 800 2346 nouis,

263 2357 455 2426 Hellespontiaci
470 2364 541 2426 quim
557 2361 627 2412 maris
642 2364 695 2428 alga
713 2359 802 2428 potest.

226 2429 285 2494 Quo
302 2431 399 2484 brevius
413 2434 514 2498 spatium
528 2434 598 2483 nobis
614 2433 645 2483 ad
662 2435 726 2485 surra
742 2434 865 2492 dabatur,

167 2513 217 2549 ¹10
263 2502 319 2556 lioc
337 2505 412 2573 magis
430 2505 464 2556 esi
479 2520 595 2566 cautum,
618 2524 649 2558 ne
666 2507 732 2559 foret
748 2508 808 2556 illud
825 2507 905 2558 inere.

224 2575 345 2642 Jamque,
363 2578 476 2645 fugatum
489 2579 594 2630 Tithoni
609 2579 713 2649 conjuge
730 2579 848 2638 nollem,

263 2647 368 2702 Praevius
382 2651 486 2702 Aurorae
503 2651 602 2704 Lucifer
617 2665 685 2704 ortus
701 2665 763 2704 erat.

226 2721 317 2774 Oscula
328 2723 482 2791 congerimus
492 2737 639 2790 properata,
653 2728 704 2778 sine
715 2723 800 2777 ordine
812 2759 820 2783 ,
832 2725 941 2792 raptim.

263 2795 294 2846 Et
310 2796 433 2862 querimur
447 2814 533 2862 parvas
551 2798 659 2850 noctibus
675 2798 721 2849 elle
737 2815 826 2848 motas.

166 2874 213 2925 115
225 2866 308 2932 Atque
323 2869 356 2919 ita
372 2868 516 2928 cunslatus,
534 2870 628 2922 monitu
645 2872 745 2924 nutricis
759 2887 842 2924 amato
854 2905 868 2931 a

262 2941 358 3010 Frigida
373 2941 466 2996 deserti
482 2943 554 2998 litora
571 2955 638 2996 turre
655 2956 728 3012 peto·
864 2939 867 2944 ’
