<?xml version="1.0" encoding="UTF-8"?>
<!DOCTYPE html PUBLIC "-//W3C//DTD XHTML 1.0 Transitional//EN"
    "http://www.w3.org/TR/xhtml1/DTD/xhtml1-transitional.dtd">
<html xmlns="http://www.w3.org/1999/xhtml" xml:lang="en" lang="en">
 <head>
  <title>
</title>
<meta http-equiv="Content-Type" content="text/html;charset=utf-8" />
  <meta name='ocr-system' content='tesseract 3.04.00' />
  <meta name='ocr-capabilities' content='ocr_page ocr_carea ocr_par ocr_line ocrx_word'/>
</head>
<body>
  <div class='ocr_page' id='page_1' title='image "./povidiinasoniso07ovidgoog_0100.png"; bbox 0 0 2034 3709; ppageno 0'>
   <div class='ocr_carea' id='block_1_1' title="bbox 226 237 830 339">
    <p class='ocr_par' dir='ltr' id='par_1_1' title="bbox 226 237 830 339">
     <span class='ocr_line' id='line_1_1' title="bbox 226 237 830 339; baseline 0 -33"><span class='ocrx_word' id='word_1_1' title='bbox 226 246 278 339; x_wconf 83' lang='lat'>76</span> <span class='ocrx_word' id='word_1_2' title='bbox 326 237 368 310; x_wconf 90' lang='lat' dir='ltr'>P.</span> <span class='ocrx_word' id='word_1_3' title='bbox 398 237 830 308; x_wconf 74' lang='lat' dir='ltr'><em>OV11211NA50N15</em></span> 
     </span>
    </p>
   </div>
   <div class='ocr_carea' id='block_1_2' title="bbox 122 354 926 2912">
    <p class='ocr_par' dir='ltr' id='par_1_2' title="bbox 122 354 926 2912">
     <span class='ocr_line' id='line_1_2' title="bbox 226 354 857 422; baseline -0.006 -10"><span class='ocrx_word' id='word_1_4' title='bbox 226 365 268 416; x_wconf 89' lang='lat' dir='ltr'>Da</span> <span class='ocrx_word' id='word_1_5' title='bbox 276 355 349 410; x_wconf 81' lang='lat' dir='ltr'>modi&gt;</span> <span class='ocrx_word' id='word_1_6' title='bbox 357 369 401 414; x_wconf 88' lang='lat' dir='ltr'>te;</span> <span class='ocrx_word' id='word_1_7' title='bbox 410 373 464 422; x_wconf 81' lang='lat' dir='ltr'>quar</span> <span class='ocrx_word' id='word_1_8' title='bbox 472 355 504 406; x_wconf 72' lang='lat' dir='ltr'>sit</span> <span class='ocrx_word' id='word_1_9' title='bbox 512 354 590 406; x_wconf 86' lang='lat' dir='ltr'>Paridi</span> <span class='ocrx_word' id='word_1_10' title='bbox 601 354 733 406; x_wconf 82' lang='lat' dir='ltr'>constantia</span> <span class='ocrx_word' id='word_1_11' title='bbox 743 391 751 416; x_wconf 91' lang='lat'>,</span> <span class='ocrx_word' id='word_1_12' title='bbox 762 359 857 410; x_wconf 82' lang='lat' dir='ltr'>nosces.</span> 
     </span>
     <span class='ocr_line' id='line_1_3' title="bbox 263 426 769 497; baseline -0.01 -11"><span class='ocrx_word' id='word_1_13' title='bbox 263 436 367 486; x_wconf 80' lang='lat' dir='ltr'>Flamma</span> <span class='ocrx_word' id='word_1_14' title='bbox 377 431 432 497; x_wconf 89' lang='lat' dir='ltr'>rogi</span> <span class='ocrx_word' id='word_1_15' title='bbox 441 429 546 477; x_wconf 84' lang='lat' dir='ltr'>flammas</span> <span class='ocrx_word' id='word_1_16' title='bbox 554 426 622 478; x_wconf 84' lang='lat' dir='ltr'>finiet</span> <span class='ocrx_word' id='word_1_17' title='bbox 632 445 679 477; x_wconf 91' lang='lat' dir='ltr'>una</span> <span class='ocrx_word' id='word_1_18' title='bbox 693 446 769 482; x_wconf 81' lang='lat' dir='ltr'>meas.</span> 
     </span>
     <span class='ocr_line' id='line_1_4' title="bbox 226 501 851 574; baseline -0.013 -12"><span class='ocrx_word' id='word_1_19' title='bbox 226 505 349 574; x_wconf 79' lang='lat' dir='ltr'>Praeposui</span> <span class='ocrx_word' id='word_1_20' title='bbox 356 505 438 570; x_wconf 84' lang='lat' dir='ltr'>regnis</span> <span class='ocrx_word' id='word_1_21' title='bbox 447 519 496 568; x_wconf 88' lang='lat' dir='ltr'>ego</span> <span class='ocrx_word' id='word_1_22' title='bbox 505 513 531 550; x_wconf 91' lang='lat' dir='ltr'>te</span> <span class='ocrx_word' id='word_1_23' title='bbox 541 535 550 560; x_wconf 93' lang='lat'>,</span> <span class='ocrx_word' id='word_1_24' title='bbox 561 518 612 566; x_wconf 84' lang='lat' dir='ltr'>quae</span> <span class='ocrx_word' id='word_1_25' title='bbox 621 501 722 552; x_wconf 81' lang='lat' dir='ltr'>maxima</span> <span class='ocrx_word' id='word_1_26' title='bbox 729 505 851 570; x_wconf 88' lang='lat' dir='ltr'>quondam</span> 
     </span>
     <span class='ocr_line' id='line_1_5' title="bbox 263 572 803 642; baseline -0.013 -10"><span class='ocrx_word' id='word_1_27' title='bbox 263 579 376 632; x_wconf 85' lang='lat' dir='ltr'>Pollicita</span> <span class='ocrx_word' id='word_1_28' title='bbox 387 575 421 626; x_wconf 84' lang='lat' dir='ltr'>est</span> <span class='ocrx_word' id='word_1_29' title='bbox 430 576 499 625; x_wconf 83' lang='lat' dir='ltr'>nobis</span> <span class='ocrx_word' id='word_1_30' title='bbox 512 585 586 640; x_wconf 85' lang='lat' dir='ltr'>nupta</span> <span class='ocrx_word' id='word_1_31' title='bbox 595 572 712 642; x_wconf 88' lang='lat' dir='ltr'>sororque</span> <span class='ocrx_word' id='word_1_32' title='bbox 723 575 737 628; x_wconf 88' lang='lat' dir='ltr'>J</span> <span class='ocrx_word' id='word_1_33' title='bbox 740 577 803 627; x_wconf 80' lang='lat' dir='ltr'>ovis.</span> 
     </span>
     <span class='ocr_line' id='line_1_6' title="bbox 167 646 860 725; baseline -0.003 -24"><span class='ocrx_word' id='word_1_34' title='bbox 167 660 215 725; x_wconf 84' lang='lat'>165</span> <span class='ocrx_word' id='word_1_35' title='bbox 227 656 343 720; x_wconf 77' lang='lat' dir='ltr'>Dumque</span> <span class='ocrx_word' id='word_1_36' title='bbox 353 663 397 700; x_wconf 91' lang='lat' dir='ltr'>tuo</span> <span class='ocrx_word' id='word_1_37' title='bbox 406 647 497 714; x_wconf 77' lang='lat' dir='ltr'>pnlsent</span> <span class='ocrx_word' id='word_1_38' title='bbox 506 646 655 697; x_wconf 83' lang='lat' dir='ltr'>circumdare</span> <span class='ocrx_word' id='word_1_39' title='bbox 664 649 760 698; x_wconf 86' lang='lat' dir='ltr'>brachia</span> <span class='ocrx_word' id='word_1_40' title='bbox 771 650 860 710; x_wconf 73' lang='lat' dir='ltr'>collo,</span> 
     </span>
     <span class='ocr_line' id='line_1_7' title="bbox 263 719 830 780; baseline -0.005 -5"><span class='ocrx_word' id='word_1_41' title='bbox 263 727 396 778; x_wconf 75' lang='lat' dir='ltr'>contemta</span> <span class='ocrx_word' id='word_1_42' title='bbox 407 721 440 771; x_wconf 80' lang='lat' dir='ltr'>eu</span> <span class='ocrx_word' id='word_1_43' title='bbox 451 721 544 778; x_wconf 85' lang='lat' dir='ltr'>virtus,</span> <span class='ocrx_word' id='word_1_44' title='bbox 555 719 652 771; x_wconf 77' lang='lat' dir='ltr'>Pallade</span> <span class='ocrx_word' id='word_1_45' title='bbox 664 722 753 780; x_wconf 83' lang='lat' dir='ltr'>dante,</span> <span class='ocrx_word' id='word_1_46' title='bbox 762 723 830 772; x_wconf 90' lang='lat' dir='ltr'>rnihi.</span> 
     </span>
     <span class='ocr_line' id='line_1_8' title="bbox 227 791 862 867; baseline -0.014 -12"><span class='ocrx_word' id='word_1_47' title='bbox 227 798 553 867; x_wconf 72' lang='lat' dir='ltr'>Necpiget32ut11mquam</span> <span class='ocrx_word' id='word_1_48' title='bbox 565 791 635 844; x_wconf 66' lang='lat' dir='ltr'>stulti</span> <span class='ocrx_word' id='word_1_49' title='bbox 644 794 724 861; x_wconf 81' lang='lat' dir='ltr'>legisse</span> <span class='ocrx_word' id='word_1_50' title='bbox 735 795 840 846; x_wconf 81' lang='lat' dir='ltr'>videbor</span> <span class='ocrx_word' id='word_1_51' title='bbox 853 810 862 846; x_wconf 81' lang='lat' dir='ltr'>t</span> 
     </span>
     <span class='ocr_line' id='line_1_9' title="bbox 263 866 776 924; baseline 0 -5"><span class='ocrx_word' id='word_1_52' title='bbox 263 873 392 924; x_wconf 73' lang='lat' dir='ltr'>Permanet</span> <span class='ocrx_word' id='word_1_53' title='bbox 399 869 424 919; x_wconf 90' lang='lat' dir='ltr'>in</span> <span class='ocrx_word' id='word_1_54' title='bbox 432 881 494 917; x_wconf 80' lang='lat' dir='ltr'>voto</span> <span class='ocrx_word' id='word_1_55' title='bbox 505 884 573 916; x_wconf 83' lang='lat' dir='ltr'>mens</span> <span class='ocrx_word' id='word_1_56' title='bbox 582 883 636 917; x_wconf 84' lang='lat' dir='ltr'>mea</span> <span class='ocrx_word' id='word_1_57' title='bbox 644 866 712 918; x_wconf 76' lang='lat' dir='ltr'>firma</span> <span class='ocrx_word' id='word_1_58' title='bbox 723 867 776 919; x_wconf 87' lang='lat' dir='ltr'>suo.</span> 
     </span>
     <span class='ocr_line' id='line_1_10' title="bbox 227 937 844 1016; baseline -0.01 -19"><span class='ocrx_word' id='word_1_59' title='bbox 227 948 301 1016; x_wconf 85' lang='lat' dir='ltr'>Spem</span> <span class='ocrx_word' id='word_1_60' title='bbox 309 941 383 995; x_wconf 72' lang='lat' dir='ltr'>mode</span> <span class='ocrx_word' id='word_1_61' title='bbox 392 958 423 991; x_wconf 88' lang='lat' dir='ltr'>ne</span> <span class='ocrx_word' id='word_1_62' title='bbox 433 939 536 990; x_wconf 84' lang='lat' dir='ltr'>nostram</span> <span class='ocrx_word' id='word_1_63' title='bbox 544 937 597 989; x_wconf 86' lang='lat' dir='ltr'>fieri</span> <span class='ocrx_word' id='word_1_64' title='bbox 606 940 697 1007; x_wconf 86' lang='lat' dir='ltr'>patiare</span> <span class='ocrx_word' id='word_1_65' title='bbox 708 940 824 996; x_wconf 79' lang='lat' dir='ltr'>caducam</span> <span class='ocrx_word' id='word_1_66' title='bbox 833 972 844 1001; x_wconf 85' lang='lat'>,</span> 
     </span>
     <span class='ocr_line' id='line_1_11' title="bbox 168 1013 794 1091; baseline -0.006 -20"><span class='ocrx_word' id='word_1_67' title='bbox 168 1041 219 1091; x_wconf 85' lang='lat'>¹70</span> <span class='ocrx_word' id='word_1_68' title='bbox 265 1019 304 1070; x_wconf 86' lang='lat' dir='ltr'>Te</span> <span class='ocrx_word' id='word_1_69' title='bbox 314 1033 416 1085; x_wconf 85' lang='lat' dir='ltr'>precor,</span> <span class='ocrx_word' id='word_1_70' title='bbox 428 1013 444 1064; x_wconf 82' lang='grc' dir='ltr'><strong>ὁ</strong></span> <span class='ocrx_word' id='word_1_71' title='bbox 457 1013 464 1061; x_wconf 91' lang='lat' dir='ltr'>l</span> <span class='ocrx_word' id='word_1_72' title='bbox 475 1025 545 1064; x_wconf 86' lang='lat' dir='ltr'>tanto</span> <span class='ocrx_word' id='word_1_73' title='bbox 557 1013 628 1080; x_wconf 86' lang='lat' dir='ltr'>digna</span> <span class='ocrx_word' id='word_1_74' title='bbox 637 1015 720 1064; x_wconf 88' lang='lat' dir='ltr'>labore</span> <span class='ocrx_word' id='word_1_75' title='bbox 731 1015 794 1081; x_wconf 85' lang='lat' dir='ltr'>peti.</span> 
     </span>
     <span class='ocr_line' id='line_1_12' title="bbox 228 1085 845 1160; baseline -0.013 -14"><span class='ocrx_word' id='word_1_76' title='bbox 228 1095 287 1146; x_wconf 80' lang='lat' dir='ltr'>Non</span> <span class='ocrx_word' id='word_1_77' title='bbox 297 1108 345 1160; x_wconf 85' lang='lat' dir='ltr'>ego</span> <span class='ocrx_word' id='word_1_78' title='bbox 355 1085 494 1155; x_wconf 80' lang='lat' dir='ltr'>conjugium</span> <span class='ocrx_word' id='word_1_79' title='bbox 505 1085 629 1153; x_wconf 73' lang='lat' dir='ltr'>generose</span> <span class='ocrx_word' id='word_1_80' title='bbox 640 1086 748 1154; x_wconf 82' lang='lat' dir='ltr'>degener</span> <span class='ocrx_word' id='word_1_81' title='bbox 757 1099 819 1153; x_wconf 86' lang='lat' dir='ltr'>opto</span> <span class='ocrx_word' id='word_1_82' title='bbox 834 1101 845 1137; x_wconf 71' lang='lat' dir='ltr'>t</span> 
     </span>
     <span class='ocr_line' id='line_1_13' title="bbox 264 1159 815 1226; baseline -0.011 -9"><span class='ocrx_word' id='word_1_83' title='bbox 264 1169 320 1217; x_wconf 90' lang='lat' dir='ltr'>Nec</span> <span class='ocrx_word' id='word_1_84' title='bbox 328 1179 397 1222; x_wconf 81' lang='lat' dir='ltr'>mea,</span> <span class='ocrx_word' id='word_1_85' title='bbox 407 1160 480 1211; x_wconf 83' lang='lat' dir='ltr'>crede</span> <span class='ocrx_word' id='word_1_86' title='bbox 490 1160 547 1208; x_wconf 87' lang='lat' dir='ltr'>mihi</span> <span class='ocrx_word' id='word_1_87' title='bbox 558 1159 677 1226; x_wconf 86' lang='lat' dir='ltr'>,turpiter</span> <span class='ocrx_word' id='word_1_88' title='bbox 685 1176 746 1210; x_wconf 86' lang='lat' dir='ltr'>uxor</span> <span class='ocrx_word' id='word_1_89' title='bbox 754 1162 815 1211; x_wconf 84' lang='lat' dir='ltr'>eris.</span> 
     </span>
     <span class='ocr_line' id='line_1_14' title="bbox 228 1231 829 1304; baseline -0.013 -12"><span class='ocrx_word' id='word_1_90' title='bbox 228 1240 326 1300; x_wconf 83' lang='lat' dir='ltr'>Pliada,</span> <span class='ocrx_word' id='word_1_91' title='bbox 335 1239 354 1289; x_wconf 79' lang='lat' dir='ltr'>si</span> <span class='ocrx_word' id='word_1_92' title='bbox 362 1251 469 1304; x_wconf 75' lang='lat' dir='ltr'>queres,</span> <span class='ocrx_word' id='word_1_93' title='bbox 482 1232 507 1282; x_wconf 90' lang='lat' dir='ltr'>in</span> <span class='ocrx_word' id='word_1_94' title='bbox 518 1231 597 1300; x_wconf 78' lang='lat' dir='ltr'>nqssra</span> <span class='ocrx_word' id='word_1_95' title='bbox 607 1246 680 1300; x_wconf 82' lang='lat' dir='ltr'>genre</span> <span class='ocrx_word' id='word_1_96' title='bbox 689 1231 703 1284; x_wconf 89' lang='lat' dir='ltr'>J</span> <span class='ocrx_word' id='word_1_97' title='bbox 706 1249 829 1302; x_wconf 72' lang='lat' dir='ltr'>ovemque</span> 
     </span>
     <span class='ocr_line' id='line_1_15' title="bbox 265 1307 758 1364; baseline -0.014 0"><span class='ocrx_word' id='word_1_98' title='bbox 265 1311 378 1364; x_wconf 81' lang='lat' dir='ltr'>Invenies</span> <span class='ocrx_word' id='word_1_99' title='bbox 390 1324 397 1357; x_wconf 77' lang='grc' dir='ltr'><strong>ε</strong></span> <span class='ocrx_word' id='word_1_100' title='bbox 407 1307 502 1356; x_wconf 72' lang='lat' dir='ltr'>medios</span> <span class='ocrx_word' id='word_1_101' title='bbox 518 1318 547 1355; x_wconf 91' lang='lat' dir='ltr'>ut</span> <span class='ocrx_word' id='word_1_102' title='bbox 558 1317 680 1355; x_wconf 78' lang='lat' dir='ltr'>taceamus</span> <span class='ocrx_word' id='word_1_103' title='bbox 688 1321 758 1357; x_wconf 83' lang='lat' dir='ltr'>avos.</span> 
     </span>
     <span class='ocr_line' id='line_1_16' title="bbox 169 1377 835 1458; baseline -0.009 -21"><span class='ocrx_word' id='word_1_104' title='bbox 169 1406 200 1458; x_wconf 88' lang='lat'>¹7</span> <span class='ocrx_word' id='word_1_105' title='bbox 206 1406 217 1453; x_wconf 88' lang='lat'><em>5</em></span> <span class='ocrx_word' id='word_1_106' title='bbox 229 1387 329 1449; x_wconf 79' lang='lat' dir='ltr'>Sceptra</span> <span class='ocrx_word' id='word_1_107' title='bbox 337 1397 423 1449; x_wconf 80' lang='lat' dir='ltr'>parens</span> <span class='ocrx_word' id='word_1_108' title='bbox 432 1379 497 1430; x_wconf 70' lang='lat' dir='ltr'>Asia</span> <span class='ocrx_word' id='word_1_109' title='bbox 508 1411 516 1437; x_wconf 83' lang='lat'>,</span> <span class='ocrx_word' id='word_1_110' title='bbox 529 1377 577 1445; x_wconf 70' lang='lat' dir='ltr'>qui</span> <span class='ocrx_word' id='word_1_111' title='bbox 585 1379 650 1428; x_wconf 89' lang='lat' dir='ltr'>nulla</span> <span class='ocrx_word' id='word_1_112' title='bbox 660 1379 756 1430; x_wconf 87' lang='lat' dir='ltr'>beatior</span> <span class='ocrx_word' id='word_1_113' title='bbox 770 1396 835 1442; x_wconf 84' lang='lat' dir='ltr'>ora,</span> 
     </span>
     <span class='ocr_line' id='line_1_17' title="bbox 266 1451 758 1509; baseline -0.012 -1"><span class='ocrx_word' id='word_1_114' title='bbox 266 1458 362 1509; x_wconf 84' lang='lat' dir='ltr'>Finibus</span> <span class='ocrx_word' id='word_1_115' title='bbox 373 1452 493 1504; x_wconf 82' lang='lat' dir='ltr'>immensis</span> <span class='ocrx_word' id='word_1_116' title='bbox 503 1451 545 1501; x_wconf 84' lang='lat' dir='ltr'>vix</span> <span class='ocrx_word' id='word_1_117' title='bbox 555 1451 668 1502; x_wconf 86' lang='lat' dir='ltr'>obeunda</span> <span class='ocrx_word' id='word_1_118' title='bbox 679 1463 758 1503; x_wconf 85' lang='lat' dir='ltr'>tenet.</span> 
     </span>
     <span class='ocr_line' id='line_1_18' title="bbox 122 1523 834 1600; baseline -0.011 -16"><span class='ocrx_word' id='word_1_119' title='bbox 122 1523 126 1530; x_wconf 58' lang='grc'><strong>’</strong></span> <span class='ocrx_word' id='word_1_120' title='bbox 230 1533 370 1600; x_wconf 74' lang='lat' dir='ltr'>innumeras</span> <span class='ocrx_word' id='word_1_121' title='bbox 378 1528 451 1578; x_wconf 80' lang='lat' dir='ltr'>urbes</span> <span class='ocrx_word' id='word_1_122' title='bbox 461 1559 469 1584; x_wconf 85' lang='lat'>‚</span> <span class='ocrx_word' id='word_1_123' title='bbox 480 1537 554 1591; x_wconf 86' lang='lat' dir='ltr'>atque</span> <span class='ocrx_word' id='word_1_124' title='bbox 564 1541 637 1574; x_wconf 67' lang='lat' dir='ltr'>altrea</span> <span class='ocrx_word' id='word_1_125' title='bbox 645 1525 709 1575; x_wconf 64' lang='lat' dir='ltr'>tella</span> <span class='ocrx_word' id='word_1_126' title='bbox 718 1525 813 1577; x_wconf 80' lang='lat' dir='ltr'>videbis</span> <span class='ocrx_word' id='word_1_127' title='bbox 823 1561 834 1587; x_wconf 87' lang='lat'>,</span> 
     </span>
     <span class='ocr_line' id='line_1_19' title="bbox 267 1598 811 1670; baseline -0.004 -18"><span class='ocrx_word' id='word_1_128' title='bbox 267 1603 379 1670; x_wconf 81' lang='lat' dir='ltr'>Quaeque</span> <span class='ocrx_word' id='word_1_129' title='bbox 389 1600 444 1650; x_wconf 85' lang='lat' dir='ltr'>suos</span> <span class='ocrx_word' id='word_1_130' title='bbox 453 1600 519 1649; x_wconf 84' lang='lat' dir='ltr'>dicas</span> <span class='ocrx_word' id='word_1_131' title='bbox 529 1599 619 1664; x_wconf 87' lang='lat' dir='ltr'>templa</span> <span class='ocrx_word' id='word_1_132' title='bbox 629 1598 717 1648; x_wconf 82' lang='lat' dir='ltr'>decere</span> <span class='ocrx_word' id='word_1_133' title='bbox 727 1599 811 1654; x_wconf 78' lang='lat' dir='ltr'>Deos.</span> 
     </span>
     <span class='ocr_line' id='line_1_20' title="bbox 230 1671 752 1743; baseline -0.011 -15"><span class='ocrx_word' id='word_1_134' title='bbox 230 1677 295 1731; x_wconf 90' lang='lat' dir='ltr'>llion</span> <span class='ocrx_word' id='word_1_135' title='bbox 304 1675 420 1743; x_wconf 77' lang='lat' dir='ltr'>aspicies,</span> <span class='ocrx_word' id='word_1_136' title='bbox 432 1671 571 1738; x_wconf 81' lang='lat' dir='ltr'>firmataque</span> <span class='ocrx_word' id='word_1_137' title='bbox 581 1671 686 1721; x_wconf 79' lang='lat' dir='ltr'>turribus</span> <span class='ocrx_word' id='word_1_138' title='bbox 697 1671 752 1722; x_wconf 84' lang='lat' dir='ltr'>altis</span> 
     </span>
     <span class='ocr_line' id='line_1_21' title="bbox 170 1743 771 1812; baseline -0.02 -6"><span class='ocrx_word' id='word_1_139' title='bbox 170 1753 221 1807; x_wconf 76' lang='lat'>180</span> <span class='ocrx_word' id='word_1_140' title='bbox 267 1750 377 1808; x_wconf 87' lang='lat' dir='ltr'>Maenia,</span> <span class='ocrx_word' id='word_1_141' title='bbox 388 1745 501 1798; x_wconf 71' lang='lat' dir='ltr'>Phoebea</span> <span class='ocrx_word' id='word_1_142' title='bbox 510 1743 594 1794; x_wconf 76' lang='lat' dir='ltr'>uruea</span> <span class='ocrx_word' id='word_1_143' title='bbox 604 1760 693 1794; x_wconf 86' lang='lat' dir='ltr'>canore</span> <span class='ocrx_word' id='word_1_144' title='bbox 703 1746 771 1812; x_wconf 81' lang='lat' dir='ltr'>lyrae.</span> 
     </span>
     <span class='ocr_line' id='line_1_22' title="bbox 231 1815 876 1891; baseline -0.003 -18"><span class='ocrx_word' id='word_1_145' title='bbox 231 1823 299 1891; x_wconf 82' lang='lat' dir='ltr'>Quid</span> <span class='ocrx_word' id='word_1_146' title='bbox 309 1821 354 1872; x_wconf 89' lang='lat' dir='ltr'>ribi</span> <span class='ocrx_word' id='word_1_147' title='bbox 363 1822 393 1871; x_wconf 85' lang='lat' dir='ltr'>de</span> <span class='ocrx_word' id='word_1_148' title='bbox 402 1821 471 1871; x_wconf 87' lang='lat' dir='ltr'>turba</span> <span class='ocrx_word' id='word_1_149' title='bbox 480 1833 573 1868; x_wconf 85' lang='lat' dir='ltr'>narrem</span> <span class='ocrx_word' id='word_1_150' title='bbox 583 1833 731 1885; x_wconf 85' lang='lat' dir='ltr'>numeroque</span> <span class='ocrx_word' id='word_1_151' title='bbox 740 1818 851 1870; x_wconf 83' lang='lat' dir='ltr'>virorum</span> <span class='ocrx_word' id='word_1_152' title='bbox 857 1815 876 1871; x_wconf 68' lang='lat' dir='ltr'>l?</span> 
     </span>
     <span class='ocr_line' id='line_1_23' title="bbox 267 1889 799 1962; baseline -0.011 -16"><span class='ocrx_word' id='word_1_153' title='bbox 267 1897 319 1949; x_wconf 79' lang='lat' dir='ltr'>Vix</span> <span class='ocrx_word' id='word_1_154' title='bbox 327 1895 442 1962; x_wconf 89' lang='lat' dir='ltr'>populum</span> <span class='ocrx_word' id='word_1_155' title='bbox 453 1892 526 1942; x_wconf 84' lang='lat' dir='ltr'>tellus</span> <span class='ocrx_word' id='word_1_156' title='bbox 538 1889 632 1941; x_wconf 84' lang='lat' dir='ltr'>sustinet</span> <span class='ocrx_word' id='word_1_157' title='bbox 645 1891 685 1940; x_wconf 84' lang='lat' dir='ltr'>illa</span> <span class='ocrx_word' id='word_1_158' title='bbox 694 1891 770 1941; x_wconf 88' lang='lat' dir='ltr'>suum.</span> <span class='ocrx_word' id='word_1_159' title='bbox 795 1941 799 1945; x_wconf 79' lang='grc'><strong>,</strong></span> 
     </span>
     <span class='ocr_line' id='line_1_24' title="bbox 233 1963 857 2032; baseline -0.008 -10"><span class='ocrx_word' id='word_1_160' title='bbox 233 1971 375 2023; x_wconf 85' lang='lat' dir='ltr'>Occurrent</span> <span class='ocrx_word' id='word_1_161' title='bbox 382 1967 457 2017; x_wconf 85' lang='lat' dir='ltr'>denso</span> <span class='ocrx_word' id='word_1_162' title='bbox 464 1964 509 2014; x_wconf 86' lang='lat' dir='ltr'>tibi</span> <span class='ocrx_word' id='word_1_163' title='bbox 519 1963 630 2014; x_wconf 84' lang='lat' dir='ltr'>Troades</span> <span class='ocrx_word' id='word_1_164' title='bbox 640 1964 732 2032; x_wconf 80' lang='lat' dir='ltr'>agmine</span> <span class='ocrx_word' id='word_1_165' title='bbox 743 1977 834 2017; x_wconf 81' lang='lat' dir='ltr'>matres</span> <span class='ocrx_word' id='word_1_166' title='bbox 844 1979 857 2026; x_wconf 78' lang='lat'>3</span> 
     </span>
     <span class='ocr_line' id='line_1_25' title="bbox 270 2036 808 2109; baseline -0.011 -15"><span class='ocrx_word' id='word_1_167' title='bbox 270 2045 325 2094; x_wconf 85' lang='lat' dir='ltr'>Nec</span> <span class='ocrx_word' id='word_1_168' title='bbox 337 2041 431 2109; x_wconf 86' lang='lat' dir='ltr'>capient</span> <span class='ocrx_word' id='word_1_169' title='bbox 441 2037 558 2105; x_wconf 80' lang='lat' dir='ltr'>Phrygias</span> <span class='ocrx_word' id='word_1_170' title='bbox 568 2037 627 2086; x_wconf 88' lang='lat' dir='ltr'>atria</span> <span class='ocrx_word' id='word_1_171' title='bbox 636 2036 713 2086; x_wconf 84' lang='lat' dir='ltr'>nostra</span> <span class='ocrx_word' id='word_1_172' title='bbox 723 2055 808 2088; x_wconf 79' lang='lat' dir='ltr'>nurus.</span> 
     </span>
     <span class='ocr_line' id='line_1_26' title="bbox 175 2109 926 2182; baseline -0.007 -13"><span class='ocrx_word' id='word_1_173' title='bbox 175 2117 222 2182; x_wconf 78' lang='lat'>185</span> <span class='ocrx_word' id='word_1_174' title='bbox 236 2115 261 2168; x_wconf 94' lang='lat' dir='ltr'>O</span> <span class='ocrx_word' id='word_1_175' title='bbox 272 2115 279 2164; x_wconf 91' lang='lat'>!</span> <span class='ocrx_word' id='word_1_176' title='bbox 291 2114 387 2182; x_wconf 77' lang='lat' dir='ltr'>quoties</span> <span class='ocrx_word' id='word_1_177' title='bbox 397 2113 482 2171; x_wconf 78' lang='lat' dir='ltr'>dices,</span> <span class='ocrx_word' id='word_1_178' title='bbox 493 2110 573 2174; x_wconf 73' lang='lat' dir='ltr'>Quian</span> <span class='ocrx_word' id='word_1_179' title='bbox 581 2127 673 2176; x_wconf 82' lang='lat' dir='ltr'>pauper</span> <span class='ocrx_word' id='word_1_180' title='bbox 682 2109 776 2160; x_wconf 78' lang='lat' dir='ltr'>Achaia</span> <span class='ocrx_word' id='word_1_181' title='bbox 784 2111 864 2162; x_wconf 80' lang='lat' dir='ltr'>nolite</span> <span class='ocrx_word' id='word_1_182' title='bbox 874 2112 906 2166; x_wconf 80' lang='lat' dir='ltr'>eu</span> <span class='ocrx_word' id='word_1_183' title='bbox 917 2112 926 2166; x_wconf 78' lang='lat' dir='ltr'>l</span> 
     </span>
     <span class='ocr_line' id='line_1_27' title="bbox 271 2183 781 2254; baseline -0.006 -16"><span class='ocrx_word' id='word_1_184' title='bbox 271 2190 327 2239; x_wconf 89' lang='lat' dir='ltr'>Una</span> <span class='ocrx_word' id='word_1_185' title='bbox 340 2188 424 2237; x_wconf 79' lang='lat' dir='ltr'>domus</span> <span class='ocrx_word' id='word_1_186' title='bbox 433 2185 524 2252; x_wconf 80' lang='lat' dir='ltr'>quaeris</span> <span class='ocrx_word' id='word_1_187' title='bbox 534 2184 598 2254; x_wconf 75' lang='lat' dir='ltr'>urbis</span> <span class='ocrx_word' id='word_1_188' title='bbox 607 2183 704 2233; x_wconf 86' lang='lat' dir='ltr'>habebit</span> <span class='ocrx_word' id='word_1_189' title='bbox 711 2199 781 2250; x_wconf 87' lang='lat' dir='ltr'>opes.</span> 
     </span>
     <span class='ocr_line' id='line_1_28' title="bbox 234 2257 886 2322; baseline -0.005 -11"><span class='ocrx_word' id='word_1_190' title='bbox 234 2263 290 2312; x_wconf 79' lang='lat' dir='ltr'>Nec</span> <span class='ocrx_word' id='word_1_191' title='bbox 298 2261 357 2310; x_wconf 85' lang='lat' dir='ltr'>mihi</span> <span class='ocrx_word' id='word_1_192' title='bbox 362 2260 398 2309; x_wconf 79' lang='lat' dir='ltr'>fas</span> <span class='ocrx_word' id='word_1_193' title='bbox 403 2258 477 2308; x_wconf 85' lang='lat' dir='ltr'>fuerit</span> <span class='ocrx_word' id='word_1_194' title='bbox 485 2257 589 2322; x_wconf 79' lang='lat' dir='ltr'>Sparten</span> <span class='ocrx_word' id='word_1_195' title='bbox 598 2267 754 2307; x_wconf 84' lang='lat' dir='ltr'>contemnere</span> <span class='ocrx_word' id='word_1_196' title='bbox 763 2257 866 2308; x_wconf 80' lang='lat' dir='ltr'>vestram</span> <span class='ocrx_word' id='word_1_197' title='bbox 877 2273 886 2312; x_wconf 76' lang='lat' dir='ltr'>r</span> 
     </span>
     <span class='ocr_line' id='line_1_29' title="bbox 272 2329 783 2399; baseline -0.006 -15"><span class='ocrx_word' id='word_1_198' title='bbox 272 2334 301 2384; x_wconf 92' lang='lat' dir='ltr'>ln</span> <span class='ocrx_word' id='word_1_199' title='bbox 310 2345 390 2399; x_wconf 89' lang='lat' dir='ltr'>quatu</span> <span class='ocrx_word' id='word_1_200' title='bbox 398 2343 454 2380; x_wconf 88' lang='lat' dir='ltr'>nata</span> <span class='ocrx_word' id='word_1_201' title='bbox 461 2346 488 2379; x_wconf 83' lang='lat' dir='ltr'>es</span> <span class='ocrx_word' id='word_1_202' title='bbox 497 2363 505 2388; x_wconf 92' lang='lat'>,</span> <span class='ocrx_word' id='word_1_203' title='bbox 515 2341 581 2380; x_wconf 84' lang='lat' dir='ltr'>terra</span> <span class='ocrx_word' id='word_1_204' title='bbox 589 2330 659 2380; x_wconf 83' lang='lat' dir='ltr'>beata</span> <span class='ocrx_word' id='word_1_205' title='bbox 672 2329 729 2379; x_wconf 87' lang='lat' dir='ltr'>mihi</span> <span class='ocrx_word' id='word_1_206' title='bbox 740 2329 783 2381; x_wconf 85' lang='lat' dir='ltr'>est.</span> 
     </span>
     <span class='ocr_line' id='line_1_30' title="bbox 235 2402 860 2472; baseline -0.006 -16"><span class='ocrx_word' id='word_1_207' title='bbox 235 2404 312 2456; x_wconf 89' lang='lat' dir='ltr'>Parca</span> <span class='ocrx_word' id='word_1_208' title='bbox 324 2404 366 2454; x_wconf 88' lang='lat' dir='ltr'>led</span> <span class='ocrx_word' id='word_1_209' title='bbox 375 2403 408 2456; x_wconf 82' lang='lat' dir='ltr'>est</span> <span class='ocrx_word' id='word_1_210' title='bbox 415 2404 518 2469; x_wconf 80' lang='lat' dir='ltr'>Sparte,</span> <span class='ocrx_word' id='word_1_211' title='bbox 536 2414 564 2452; x_wconf 91' lang='lat' dir='ltr'>tu</span> <span class='ocrx_word' id='word_1_212' title='bbox 571 2403 637 2452; x_wconf 88' lang='lat' dir='ltr'>cultu</span> <span class='ocrx_word' id='word_1_213' title='bbox 647 2402 721 2452; x_wconf 83' lang='lat' dir='ltr'>divite</span> <span class='ocrx_word' id='word_1_214' title='bbox 731 2403 840 2472; x_wconf 76' lang='lat' dir='ltr'>dignare</span> <span class='ocrx_word' id='word_1_215' title='bbox 850 2418 860 2458; x_wconf 78' lang='lat' dir='ltr'>r</span> 
     </span>
     <span class='ocr_line' id='line_1_31' title="bbox 176 2473 767 2548; baseline -0.008 -17"><span class='ocrx_word' id='word_1_216' title='bbox 176 2495 227 2548; x_wconf 87' lang='lat'>190</span> <span class='ocrx_word' id='word_1_217' title='bbox 273 2478 312 2528; x_wconf 84' lang='lat' dir='ltr'>Ad</span> <span class='ocrx_word' id='word_1_218' title='bbox 321 2479 394 2527; x_wconf 89' lang='lat' dir='ltr'>talem</span> <span class='ocrx_word' id='word_1_219' title='bbox 402 2477 502 2526; x_wconf 79' lang='lat' dir='ltr'>formam</span> <span class='ocrx_word' id='word_1_220' title='bbox 510 2491 560 2525; x_wconf 91' lang='lat' dir='ltr'>non</span> <span class='ocrx_word' id='word_1_221' title='bbox 569 2475 627 2526; x_wconf 78' lang='lat' dir='ltr'>facit</span> <span class='ocrx_word' id='word_1_222' title='bbox 635 2473 676 2526; x_wconf 87' lang='lat' dir='ltr'>iste</span> <span class='ocrx_word' id='word_1_223' title='bbox 688 2477 767 2526; x_wconf 77' lang='lat' dir='ltr'>lucus.</span> 
     </span>
     <span class='ocr_line' id='line_1_32' title="bbox 236 2545 794 2616; baseline -0.002 -15"><span class='ocrx_word' id='word_1_224' title='bbox 236 2553 306 2606; x_wconf 84' lang='lat' dir='ltr'>Hanc</span> <span class='ocrx_word' id='word_1_225' title='bbox 318 2549 404 2601; x_wconf 80' lang='lat' dir='ltr'>faciem</span> <span class='ocrx_word' id='word_1_226' title='bbox 412 2548 483 2616; x_wconf 80' lang='lat' dir='ltr'>largis</span> <span class='ocrx_word' id='word_1_227' title='bbox 492 2546 543 2598; x_wconf 81' lang='lat' dir='ltr'>sine</span> <span class='ocrx_word' id='word_1_228' title='bbox 552 2546 600 2598; x_wconf 88' lang='lat' dir='ltr'>fine</span> <span class='ocrx_word' id='word_1_229' title='bbox 609 2545 731 2616; x_wconf 79' lang='lat' dir='ltr'>paratibus</span> <span class='ocrx_word' id='word_1_230' title='bbox 740 2549 775 2600; x_wconf 86' lang='lat' dir='ltr'>uti</span> <span class='ocrx_word' id='word_1_231' title='bbox 784 2581 794 2608; x_wconf 82' lang='lat'><strong>,</strong></span> 
     </span>
     <span class='ocr_line' id='line_1_33' title="bbox 273 2621 726 2689; baseline 0 -16"><span class='ocrx_word' id='word_1_232' title='bbox 273 2623 426 2689; x_wconf 86' lang='lat' dir='ltr'>Deliciisque</span> <span class='ocrx_word' id='word_1_233' title='bbox 435 2621 638 2672; x_wconf 83' lang='lat' dir='ltr'>decerluxuriare</span> <span class='ocrx_word' id='word_1_234' title='bbox 646 2623 726 2673; x_wconf 81' lang='lat' dir='ltr'>novis.</span> 
     </span>
     <span class='ocr_line' id='line_1_34' title="bbox 237 2691 828 2763; baseline -0.007 -13"><span class='ocrx_word' id='word_1_235' title='bbox 237 2698 299 2750; x_wconf 77' lang='lat' dir='ltr'>Ctirn</span> <span class='ocrx_word' id='word_1_236' title='bbox 305 2696 386 2747; x_wconf 81' lang='lat' dir='ltr'>ridear</span> <span class='ocrx_word' id='word_1_237' title='bbox 393 2697 484 2746; x_wconf 84' lang='lat' dir='ltr'>cultum</span> <span class='ocrx_word' id='word_1_238' title='bbox 493 2691 572 2744; x_wconf 66' lang='lat' dir='ltr'>nostrl</span> <span class='ocrx_word' id='word_1_239' title='bbox 581 2694 611 2744; x_wconf 88' lang='lat' dir='ltr'>de</span> <span class='ocrx_word' id='word_1_240' title='bbox 623 2708 694 2763; x_wconf 86' lang='lat' dir='ltr'>gente</span> <span class='ocrx_word' id='word_1_241' title='bbox 703 2694 828 2757; x_wconf 89' lang='lat' dir='ltr'>virorum,</span> 
     </span>
     <span class='ocr_line' id='line_1_35' title="bbox 273 2765 843 2835; baseline 0.004 -16"><span class='ocrx_word' id='word_1_242' title='bbox 273 2770 378 2835; x_wconf 85' lang='lat' dir='ltr'>Qualem</span> <span class='ocrx_word' id='word_1_243' title='bbox 388 2765 540 2818; x_wconf 83' lang='lat' dir='ltr'>Dardanidas</span> <span class='ocrx_word' id='word_1_244' title='bbox 550 2768 627 2818; x_wconf 83' lang='lat' dir='ltr'>credis</span> <span class='ocrx_word' id='word_1_245' title='bbox 638 2769 728 2818; x_wconf 85' lang='lat' dir='ltr'>habere</span> <span class='ocrx_word' id='word_1_246' title='bbox 738 2786 812 2819; x_wconf 87' lang='lat' dir='ltr'>nurus</span> <span class='ocrx_word' id='word_1_247' title='bbox 823 2771 843 2821; x_wconf 70' lang='lat'>‚⁹¹</span> 
     </span>
     <span class='ocr_line' id='line_1_36' title="bbox 178 2839 860 2912; baseline 0 -18"><span class='ocrx_word' id='word_1_248' title='bbox 178 2858 209 2911; x_wconf 85' lang='lat'>19</span> <span class='ocrx_word' id='word_1_249' title='bbox 215 2857 226 2908; x_wconf 85' lang='lat'><em>5</em></span> <span class='ocrx_word' id='word_1_250' title='bbox 237 2847 278 2897; x_wconf 77' lang='lat' dir='ltr'>Dr</span> <span class='ocrx_word' id='word_1_251' title='bbox 288 2839 361 2892; x_wconf 80' lang='lat' dir='ltr'>modd</span> <span class='ocrx_word' id='word_1_252' title='bbox 371 2853 397 2891; x_wconf 86' lang='lat' dir='ltr'>te</span> <span class='ocrx_word' id='word_1_253' title='bbox 407 2842 503 2912; x_wconf 75' lang='lat' dir='ltr'>facilem</span> <span class='ocrx_word' id='word_1_254' title='bbox 515 2855 521 2889; x_wconf 91' lang='lat'>:</span> <span class='ocrx_word' id='word_1_255' title='bbox 534 2855 580 2890; x_wconf 87' lang='lat' dir='ltr'>nec</span> <span class='ocrx_word' id='word_1_256' title='bbox 591 2840 718 2909; x_wconf 84' lang='lat' dir='ltr'>dedignare</span> <span class='ocrx_word' id='word_1_257' title='bbox 727 2842 839 2894; x_wconf 84' lang='lat' dir='ltr'>maritum</span> <span class='ocrx_word' id='word_1_258' title='bbox 848 2855 860 2906; x_wconf 76' lang='lat'>‚&#39;</span> 
     </span>
    </p>
   </div>
   <div class='ocr_carea' id='block_1_3' title="bbox 273 2913 820 2990">
    <p class='ocr_par' dir='ltr' id='par_1_3' title="bbox 273 2913 820 2990">
     <span class='ocr_line' id='line_1_37' title="bbox 273 2913 820 2990; baseline -0.009 -19"><span class='ocrx_word' id='word_1_259' title='bbox 273 2915 339 2971; x_wconf 71' lang='lat' dir='ltr'>Rure</span> <span class='ocrx_word' id='word_1_260' title='bbox 349 2913 502 2984; x_wconf 77' lang='lat' dir='ltr'>Therapnaeo</span> <span class='ocrx_word' id='word_1_261' title='bbox 513 2925 568 2966; x_wconf 78' lang='lat' dir='ltr'>nate</span> <span class='ocrx_word' id='word_1_262' title='bbox 577 2916 679 2990; x_wconf 78' lang='lat' dir='ltr'>puella,</span> <span class='ocrx_word' id='word_1_263' title='bbox 689 2913 820 2986; x_wconf 78' lang='lat' dir='ltr'>Phrygem.</span> 
     </span>
    </p>
   </div>
   <div class='ocr_carea' id='block_1_4' title="bbox 0 0 1032 3709">
    <p class='ocr_par' dir='ltr' id='par_1_4' title="bbox 0 0 1032 3709">
     <span class='ocr_line' id='line_1_38' title="bbox 0 0 1032 3709; baseline 0 0"><span class='ocrx_word' id='word_1_264' title='bbox 0 0 1032 3709; x_wconf 95' lang='lat' dir='ltr'> </span> 
     </span>
    </p>
   </div>
  </div>
 </body>
</html>
