<?xml version="1.0" encoding="UTF-8"?>
<!DOCTYPE html PUBLIC "-//W3C//DTD XHTML 1.0 Transitional//EN"
    "http://www.w3.org/TR/xhtml1/DTD/xhtml1-transitional.dtd">
<html xmlns="http://www.w3.org/1999/xhtml" xml:lang="en" lang="en">
 <head>
  <title>
</title>
<meta http-equiv="Content-Type" content="text/html;charset=utf-8" />
  <meta name='ocr-system' content='tesseract 3.04.00' />
  <meta name='ocr-capabilities' content='ocr_page ocr_carea ocr_par ocr_line ocrx_word'/>
</head>
<body>
  <div class='ocr_page' id='page_1' title='image "./povidiinasoniso07ovidgoog_0203.png"; bbox 0 0 2034 3709; ppageno 0'>
   <div class='ocr_carea' id='block_1_1' title="bbox 82 235 839 339">
    <p class='ocr_par' dir='ltr' id='par_1_1' title="bbox 82 235 839 339">
     <span class='ocr_line' id='line_1_1' title="bbox 82 235 839 339; baseline 0.021 -38"><span class='ocrx_word' id='word_1_1' title='bbox 82 326 88 335; x_wconf 28' lang='grc'><strong>,</strong></span> <span class='ocrx_word' id='word_1_2' title='bbox 172 238 330 304; x_wconf 74' lang='lat' dir='ltr'>lma</span> <span class='ocrx_word' id='word_1_3' title='bbox 355 235 422 304; x_wconf 84' lang='grc' dir='ltr'><em>ΙΙΙ.</em></span> <span class='ocrx_word' id='word_1_4' title='bbox 446 235 642 309; x_wconf 65' lang='lat' dir='ltr'>aaroni</span> <span class='ocrx_word' id='word_1_5' title='bbox 667 245 732 314; x_wconf 87' lang='lat' dir='ltr'>VI.</span> <span class='ocrx_word' id='word_1_6' title='bbox 762 265 839 339; x_wconf 83' lang='lat'>179</span> 
     </span>
    </p>
   </div>
   <div class='ocr_carea' id='block_1_2' title="bbox 155 368 804 557">
    <p class='ocr_par' dir='ltr' id='par_1_2' title="bbox 155 368 804 557">
     <span class='ocr_line' id='line_1_2' title="bbox 155 368 804 444; baseline -0.006 1"><span class='ocrx_word' id='word_1_7' title='bbox 155 368 804 444; x_wconf 46' lang='lat' dir='ltr'>‘xzffizaeu</span> 
     </span>
     <span class='ocr_line' id='line_1_3' title="bbox 294 489 663 557; baseline 0.005 -4"><span class='ocrx_word' id='word_1_8' title='bbox 294 489 548 556; x_wconf 84' lang='lat' dir='ltr'><strong>ELEGIA</strong></span> <span class='ocrx_word' id='word_1_9' title='bbox 589 493 663 557; x_wconf 91' lang='lat' dir='ltr'>VI.</span> 
     </span>
    </p>
   </div>
   <div class='ocr_carea' id='block_1_3' title="bbox 118 584 834 871">
    <p class='ocr_par' dir='ltr' id='par_1_3' title="bbox 118 584 834 871">
     <span class='ocr_line' id='line_1_4' title="bbox 120 584 794 723; baseline 0.006 -20"><span class='ocrx_word' id='word_1_10' title='bbox 120 584 272 703; x_wconf 62' lang='grc' dir='ltr'><strong>Ακιιι</strong></span> <span class='ocrx_word' id='word_1_11' title='bbox 282 612 317 711; x_wconf 84' lang='grc' dir='ltr'>ς,</span> <span class='ocrx_word' id='word_1_12' title='bbox 336 653 491 703; x_wconf 78' lang='lat' dir='ltr'>arundinibus</span> <span class='ocrx_word' id='word_1_13' title='bbox 505 652 601 705; x_wconf 78' lang='lat' dir='ltr'>limosas</span> <span class='ocrx_word' id='word_1_14' title='bbox 617 653 697 705; x_wconf 81' lang='lat' dir='ltr'>obsite</span> <span class='ocrx_word' id='word_1_15' title='bbox 712 654 794 723; x_wconf 81' lang='lat' dir='ltr'>ripas,</span> 
     </span>
     <span class='ocr_line' id='line_1_5' title="bbox 157 723 785 795; baseline 0.01 -22"><span class='ocrx_word' id='word_1_16' title='bbox 157 723 199 773; x_wconf 80' lang='lat' dir='ltr'>Ad</span> <span class='ocrx_word' id='word_1_17' title='bbox 212 725 332 775; x_wconf 86' lang='lat' dir='ltr'>dominam</span> <span class='ocrx_word' id='word_1_18' title='bbox 346 743 472 793; x_wconf 79' lang='lat' dir='ltr'>proper-03</span> <span class='ocrx_word' id='word_1_19' title='bbox 489 727 543 777; x_wconf 70' lang='lat' dir='ltr'>cille</span> <span class='ocrx_word' id='word_1_20' title='bbox 560 744 688 794; x_wconf 80' lang='lat' dir='ltr'>parumper</span> <span class='ocrx_word' id='word_1_21' title='bbox 703 746 785 795; x_wconf 81' lang='lat' dir='ltr'>aquas.</span> 
     </span>
     <span class='ocr_line' id='line_1_6' title="bbox 118 795 834 871; baseline 0.014 -26"><span class='ocrx_word' id='word_1_22' title='bbox 118 795 175 846; x_wconf 84' lang='lat' dir='ltr'>Nec</span> <span class='ocrx_word' id='word_1_23' title='bbox 191 798 237 847; x_wconf 85' lang='lat' dir='ltr'>tibi</span> <span class='ocrx_word' id='word_1_24' title='bbox 250 798 304 850; x_wconf 83' lang='lat' dir='ltr'>sunt</span> <span class='ocrx_word' id='word_1_25' title='bbox 318 812 407 866; x_wconf 81' lang='lat' dir='ltr'>pontes</span> <span class='ocrx_word' id='word_1_26' title='bbox 419 817 429 858; x_wconf 70' lang='grc' dir='ltr'>ι</span> <span class='ocrx_word' id='word_1_27' title='bbox 442 816 508 859; x_wconf 79' lang='lat' dir='ltr'>nec,</span> <span class='ocrx_word' id='word_1_28' title='bbox 525 817 577 867; x_wconf 74' lang='lat' dir='ltr'>quae</span> <span class='ocrx_word' id='word_1_29' title='bbox 591 802 642 851; x_wconf 81' lang='lat' dir='ltr'>sine</span> <span class='ocrx_word' id='word_1_30' title='bbox 657 802 753 871; x_wconf 78' lang='lat' dir='ltr'>remigis</span> <span class='ocrx_word' id='word_1_31' title='bbox 769 804 834 865; x_wconf 77' lang='lat' dir='ltr'>illu,</span> 
     </span>
    </p>
   </div>
   <div class='ocr_carea' id='block_1_4' title="bbox 54 871 875 2921">
    <p class='ocr_par' dir='ltr' id='par_1_4' title="bbox 54 871 875 2921">
     <span class='ocr_line' id='line_1_7' title="bbox 157 871 711 941; baseline 0.009 -21"><span class='ocrx_word' id='word_1_32' title='bbox 157 871 274 921; x_wconf 80' lang='lat' dir='ltr'><strong>Concava</strong></span> <span class='ocrx_word' id='word_1_33' title='bbox 288 873 391 939; x_wconf 79' lang='lat' dir='ltr'>trajeilo</span> <span class='ocrx_word' id='word_1_34' title='bbox 407 877 492 941; x_wconf 84' lang='lat' dir='ltr'>cymba</span> <span class='ocrx_word' id='word_1_35' title='bbox 508 874 612 925; x_wconf 84' lang='lat' dir='ltr'>rudente</span> <span class='ocrx_word' id='word_1_36' title='bbox 628 876 711 925; x_wconf 84' lang='lat' dir='ltr'>vehat.</span> 
     </span>
     <span class='ocr_line' id='line_1_8' title="bbox 118 941 854 1018; baseline 0.008 -24"><span class='ocrx_word' id='word_1_37' title='bbox 118 941 214 994; x_wconf 76' lang='lat' dir='ltr'>Parvus</span> <span class='ocrx_word' id='word_1_38' title='bbox 228 961 302 1005; x_wconf 95' lang='grc' dir='ltr'><strong>επις,</strong></span> <span class='ocrx_word' id='word_1_39' title='bbox 320 948 443 997; x_wconf 84' lang='lat' dir='ltr'>memini:</span> <span class='ocrx_word' id='word_1_40' title='bbox 459 956 505 997; x_wconf 84' lang='lat' dir='ltr'>nec</span> <span class='ocrx_word' id='word_1_41' title='bbox 521 960 547 997; x_wconf 88' lang='lat' dir='ltr'>te</span> <span class='ocrx_word' id='word_1_42' title='bbox 563 949 666 999; x_wconf 79' lang='lat' dir='ltr'>transire</span> <span class='ocrx_word' id='word_1_43' title='bbox 682 949 784 1018; x_wconf 82' lang='lat' dir='ltr'>resugi;</span> <span class='ocrx_word' id='word_1_44' title='bbox 841 966 854 1015; x_wconf 87' lang='lat'><em>5</em></span> 
     </span>
     <span class='ocr_line' id='line_1_9' title="bbox 157 1018 728 1103; baseline 0.009 -36"><span class='ocrx_word' id='word_1_45' title='bbox 157 1018 342 1103; x_wconf 80' lang='lat' dir='ltr'>Summaque</span> <span class='ocrx_word' id='word_1_46' title='bbox 317 1038 360 1070; x_wconf 80' lang='grc' dir='ltr'>ιιι</span> <span class='ocrx_word' id='word_1_47' title='bbox 374 1022 439 1072; x_wconf 85' lang='lat' dir='ltr'>talos</span> <span class='ocrx_word' id='word_1_48' title='bbox 456 1021 559 1091; x_wconf 88' lang='lat' dir='ltr'>contigit</span> <span class='ocrx_word' id='word_1_49' title='bbox 575 1022 638 1071; x_wconf 89' lang='lat' dir='ltr'>unda</span> <span class='ocrx_word' id='word_1_50' title='bbox 651 1038 728 1075; x_wconf 79' lang='lat' dir='ltr'>tueor.</span> 
     </span>
     <span class='ocr_line' id='line_1_10' title="bbox 116 1090 784 1160; baseline 0.009 -19"><span class='ocrx_word' id='word_1_51' title='bbox 116 1090 193 1142; x_wconf 85' lang='lat' dir='ltr'>Nunc</span> <span class='ocrx_word' id='word_1_52' title='bbox 208 1108 277 1151; x_wconf 81' lang='grc' dir='ltr'><strong>πυις,</strong></span> <span class='ocrx_word' id='word_1_53' title='bbox 296 1094 410 1160; x_wconf 78' lang='lat' dir='ltr'>apposito</span> <span class='ocrx_word' id='word_1_54' title='bbox 424 1094 518 1145; x_wconf 77' lang='lat' dir='ltr'>nivibus</span> <span class='ocrx_word' id='word_1_55' title='bbox 533 1096 564 1145; x_wconf 83' lang='lat' dir='ltr'>de</span> <span class='ocrx_word' id='word_1_56' title='bbox 579 1108 663 1145; x_wconf 86' lang='lat' dir='ltr'>monte</span> <span class='ocrx_word' id='word_1_57' title='bbox 679 1096 784 1156; x_wconf 82' lang='lat' dir='ltr'>solutis;</span> 
     </span>
     <span class='ocr_line' id='line_1_11' title="bbox 155 1164 675 1235; baseline 0.006 -21"><span class='ocrx_word' id='word_1_58' title='bbox 155 1164 189 1215; x_wconf 86' lang='lat' dir='ltr'>Et</span> <span class='ocrx_word' id='word_1_59' title='bbox 204 1166 269 1231; x_wconf 80' lang='lat' dir='ltr'>turpi</span> <span class='ocrx_word' id='word_1_60' title='bbox 284 1166 369 1217; x_wconf 74' lang='lat' dir='ltr'>crassas</span> <span class='ocrx_word' id='word_1_61' title='bbox 385 1169 481 1235; x_wconf 78' lang='lat' dir='ltr'>gurgite</span> <span class='ocrx_word' id='word_1_62' title='bbox 495 1168 576 1219; x_wconf 83' lang='lat' dir='ltr'>volvis</span> <span class='ocrx_word' id='word_1_63' title='bbox 592 1184 675 1233; x_wconf 79' lang='lat' dir='ltr'>aquas.</span> 
     </span>
     <span class='ocr_line' id='line_1_12' title="bbox 117 1236 805 1309; baseline 0.007 -21"><span class='ocrx_word' id='word_1_64' title='bbox 117 1236 189 1301; x_wconf 86' lang='lat' dir='ltr'>Quid</span> <span class='ocrx_word' id='word_1_65' title='bbox 203 1240 341 1306; x_wconf 70' lang='lat' dir='ltr'>properasse</span> <span class='ocrx_word' id='word_1_66' title='bbox 357 1239 448 1305; x_wconf 73' lang='lat' dir='ltr'>juvati</span> <span class='ocrx_word' id='word_1_67' title='bbox 464 1240 523 1307; x_wconf 89' lang='lat' dir='ltr'>quid</span> <span class='ocrx_word' id='word_1_68' title='bbox 539 1257 611 1307; x_wconf 84' lang='lat' dir='ltr'>parca</span> <span class='ocrx_word' id='word_1_69' title='bbox 626 1240 714 1291; x_wconf 79' lang='lat' dir='ltr'>dedisse</span> <span class='ocrx_word' id='word_1_70' title='bbox 731 1242 805 1309; x_wconf 80' lang='lat' dir='ltr'>quieti</span> 
     </span>
     <span class='ocr_line' id='line_1_13' title="bbox 156 1311 875 1381; baseline 0.011 -21"><span class='ocrx_word' id='word_1_71' title='bbox 156 1311 279 1378; x_wconf 86' lang='lat' dir='ltr'>Tempora</span> <span class='ocrx_word' id='word_1_72' title='bbox 291 1311 303 1364; x_wconf 72' lang='lat' dir='ltr'>i</span> <span class='ocrx_word' id='word_1_73' title='bbox 319 1315 379 1381; x_wconf 75' lang='lat' dir='ltr'>quid</span> <span class='ocrx_word' id='word_1_74' title='bbox 392 1314 458 1364; x_wconf 83' lang='lat' dir='ltr'>nosli</span> <span class='ocrx_word' id='word_1_75' title='bbox 473 1312 616 1365; x_wconf 72' lang='lat' dir='ltr'>conseruisse</span> <span class='ocrx_word' id='word_1_76' title='bbox 631 1312 718 1365; x_wconf 71' lang='lat' dir='ltr'>demi</span> <span class='ocrx_word' id='word_1_77' title='bbox 839 1330 875 1368; x_wconf 78' lang='lat' dir='ltr'>to</span> 
     </span>
     <span class='ocr_line' id='line_1_14' title="bbox 117 1385 802 1447; baseline 0.009 -12"><span class='ocrx_word' id='word_1_78' title='bbox 117 1385 144 1435; x_wconf 83' lang='lat' dir='ltr'>si</span> <span class='ocrx_word' id='word_1_79' title='bbox 160 1397 244 1436; x_wconf 87' lang='lat' dir='ltr'>tamen</span> <span class='ocrx_word' id='word_1_80' title='bbox 258 1386 299 1437; x_wconf 80' lang='lat' dir='ltr'>laic</span> <span class='ocrx_word' id='word_1_81' title='bbox 311 1386 438 1447; x_wconf 68' lang='lat' dir='ltr'>standum</span> <span class='ocrx_word' id='word_1_82' title='bbox 456 1388 477 1437; x_wconf 82' lang='lat' dir='ltr'>si</span> <span class='ocrx_word' id='word_1_83' title='bbox 490 1404 541 1437; x_wconf 87' lang='lat' dir='ltr'>non</span> <span class='ocrx_word' id='word_1_84' title='bbox 555 1388 626 1439; x_wconf 86' lang='lat' dir='ltr'>datur</span> <span class='ocrx_word' id='word_1_85' title='bbox 641 1389 732 1440; x_wconf 83' lang='lat' dir='ltr'>artibus</span> <span class='ocrx_word' id='word_1_86' title='bbox 748 1389 802 1443; x_wconf 86' lang='lat' dir='ltr'>ullia</span> 
     </span>
     <span class='ocr_line' id='line_1_15' title="bbox 154 1459 659 1528; baseline 0.008 -21"><span class='ocrx_word' id='word_1_87' title='bbox 154 1459 266 1511; x_wconf 81' lang='lat' dir='ltr'>Ulterior</span> <span class='ocrx_word' id='word_1_88' title='bbox 281 1460 363 1511; x_wconf 78' lang='lat' dir='ltr'>nolito</span> <span class='ocrx_word' id='word_1_89' title='bbox 379 1462 430 1528; x_wconf 88' lang='lat' dir='ltr'>ripa</span> <span class='ocrx_word' id='word_1_90' title='bbox 445 1461 576 1525; x_wconf 85' lang='lat' dir='ltr'>premenda</span> <span class='ocrx_word' id='word_1_91' title='bbox 593 1460 659 1527; x_wconf 87' lang='lat' dir='ltr'>pedi.</span> 
     </span>
     <span class='ocr_line' id='line_1_16' title="bbox 115 1532 805 1601; baseline 0.009 -20"><span class='ocrx_word' id='word_1_92' title='bbox 115 1532 192 1582; x_wconf 85' lang='lat' dir='ltr'>Nunc</span> <span class='ocrx_word' id='word_1_93' title='bbox 206 1550 276 1601; x_wconf 90' lang='lat' dir='ltr'>ego,</span> <span class='ocrx_word' id='word_1_94' title='bbox 295 1551 353 1600; x_wconf 83' lang='lat' dir='ltr'>quas</span> <span class='ocrx_word' id='word_1_95' title='bbox 366 1534 450 1584; x_wconf 85' lang='lat' dir='ltr'>habuit</span> <span class='ocrx_word' id='word_1_96' title='bbox 465 1550 556 1600; x_wconf 82' lang='lat' dir='ltr'>pennas</span> <span class='ocrx_word' id='word_1_97' title='bbox 572 1534 698 1586; x_wconf 83' lang='lat' dir='ltr'>Danaeius</span> <span class='ocrx_word' id='word_1_98' title='bbox 712 1536 805 1594; x_wconf 69' lang='lat' dir='ltr'>lactor,</span> 
     </span>
     <span class='ocr_line' id='line_1_17' title="bbox 156 1605 728 1675; baseline 0.005 -20"><span class='ocrx_word' id='word_1_99' title='bbox 156 1607 272 1657; x_wconf 84' lang='lat' dir='ltr'>Terribili</span> <span class='ocrx_word' id='word_1_100' title='bbox 288 1607 387 1657; x_wconf 84' lang='lat' dir='ltr'>densum</span> <span class='ocrx_word' id='word_1_101' title='bbox 403 1605 458 1657; x_wconf 78' lang='lat' dir='ltr'>ciam</span> <span class='ocrx_word' id='word_1_102' title='bbox 471 1608 528 1656; x_wconf 90' lang='lat' dir='ltr'>tulit</span> <span class='ocrx_word' id='word_1_103' title='bbox 542 1624 620 1675; x_wconf 85' lang='lat' dir='ltr'>angue</span> <span class='ocrx_word' id='word_1_104' title='bbox 637 1620 728 1673; x_wconf 80' lang='lat' dir='ltr'>caputt</span> 
     </span>
     <span class='ocr_line' id='line_1_18' title="bbox 115 1680 871 1747; baseline 0.005 -19"><span class='ocrx_word' id='word_1_105' title='bbox 115 1680 192 1729; x_wconf 88' lang='lat' dir='ltr'>Nunc</span> <span class='ocrx_word' id='word_1_106' title='bbox 206 1692 270 1747; x_wconf 90' lang='lat' dir='ltr'>opto</span> <span class='ocrx_word' id='word_1_107' title='bbox 286 1697 403 1739; x_wconf 84' lang='lat' dir='ltr'>currum,</span> <span class='ocrx_word' id='word_1_108' title='bbox 419 1680 450 1730; x_wconf 92' lang='lat' dir='ltr'>de</span> <span class='ocrx_word' id='word_1_109' title='bbox 467 1697 516 1746; x_wconf 85' lang='lat' dir='ltr'>quo</span> <span class='ocrx_word' id='word_1_110' title='bbox 531 1680 642 1731; x_wconf 78' lang='lat' dir='ltr'>Cerealia</span> <span class='ocrx_word' id='word_1_111' title='bbox 658 1680 759 1746; x_wconf 77' lang='lat' dir='ltr'>primum</span> <span class='ocrx_word' id='word_1_112' title='bbox 840 1694 871 1744; x_wconf 73' lang='grc' dir='ltr'>ις</span> 
     </span>
     <span class='ocr_line' id='line_1_19' title="bbox 154 1752 682 1805; baseline 0 -3"><span class='ocrx_word' id='word_1_113' title='bbox 154 1754 251 1803; x_wconf 83' lang='lat' dir='ltr'>Semina</span> <span class='ocrx_word' id='word_1_114' title='bbox 264 1765 385 1803; x_wconf 80' lang='lat' dir='ltr'>venerunt</span> <span class='ocrx_word' id='word_1_115' title='bbox 401 1755 426 1803; x_wconf 91' lang='lat' dir='ltr'>in</span> <span class='ocrx_word' id='word_1_116' title='bbox 439 1754 500 1803; x_wconf 84' lang='lat' dir='ltr'>rude</span> <span class='ocrx_word' id='word_1_117' title='bbox 517 1752 581 1803; x_wconf 83' lang='lat' dir='ltr'>misia</span> <span class='ocrx_word' id='word_1_118' title='bbox 597 1754 682 1805; x_wconf 85' lang='lat' dir='ltr'>solum.</span> 
     </span>
     <span class='ocr_line' id='line_1_20' title="bbox 115 1825 746 1895; baseline 0.002 -18"><span class='ocrx_word' id='word_1_119' title='bbox 115 1825 258 1895; x_wconf 75' lang='lat' dir='ltr'>Prodigiosa</span> <span class='ocrx_word' id='word_1_120' title='bbox 277 1829 365 1893; x_wconf 86' lang='lat' dir='ltr'>loquor</span> <span class='ocrx_word' id='word_1_121' title='bbox 380 1839 491 1877; x_wconf 82' lang='lat' dir='ltr'>veterum</span> <span class='ocrx_word' id='word_1_122' title='bbox 506 1827 631 1877; x_wconf 88' lang='lat' dir='ltr'>mendacia</span> <span class='ocrx_word' id='word_1_123' title='bbox 646 1840 746 1878; x_wconf 80' lang='lat' dir='ltr'>vatum:</span> 
     </span>
     <span class='ocr_line' id='line_1_21' title="bbox 154 1899 805 1960; baseline 0.005 -11"><span class='ocrx_word' id='word_1_124' title='bbox 154 1901 210 1949; x_wconf 92' lang='lat' dir='ltr'>Nec</span> <span class='ocrx_word' id='word_1_125' title='bbox 225 1900 282 1951; x_wconf 87' lang='lat' dir='ltr'>tulit</span> <span class='ocrx_word' id='word_1_126' title='bbox 296 1902 369 1960; x_wconf 71' lang='lat' dir='ltr'>laec,</span> <span class='ocrx_word' id='word_1_127' title='bbox 387 1916 433 1951; x_wconf 87' lang='lat' dir='ltr'>nec</span> <span class='ocrx_word' id='word_1_128' title='bbox 450 1901 517 1960; x_wconf 83' lang='lat' dir='ltr'>fert,</span> <span class='ocrx_word' id='word_1_129' title='bbox 535 1916 582 1951; x_wconf 92' lang='lat' dir='ltr'>nec</span> <span class='ocrx_word' id='word_1_130' title='bbox 598 1900 663 1950; x_wconf 84' lang='lat' dir='ltr'>seret</span> <span class='ocrx_word' id='word_1_131' title='bbox 678 1902 727 1951; x_wconf 90' lang='lat' dir='ltr'>ulla</span> <span class='ocrx_word' id='word_1_132' title='bbox 743 1899 805 1952; x_wconf 85' lang='lat' dir='ltr'>dier.</span> 
     </span>
     <span class='ocr_line' id='line_1_22' title="bbox 115 1972 698 2040; baseline -0.003 -16"><span class='ocrx_word' id='word_1_133' title='bbox 115 1974 158 2024; x_wconf 78' lang='lat' dir='ltr'>&#39;l&#39;u</span> <span class='ocrx_word' id='word_1_134' title='bbox 174 1973 275 2040; x_wconf 79' lang='lat' dir='ltr'>potius,</span> <span class='ocrx_word' id='word_1_135' title='bbox 290 1974 349 2040; x_wconf 79' lang='lat' dir='ltr'>ripis</span> <span class='ocrx_word' id='word_1_136' title='bbox 366 1972 440 2023; x_wconf 82' lang='lat' dir='ltr'>effuse</span> <span class='ocrx_word' id='word_1_137' title='bbox 457 1974 585 2039; x_wconf 81' lang='lat' dir='ltr'>capacibus</span> <span class='ocrx_word' id='word_1_138' title='bbox 602 1972 698 2033; x_wconf 85' lang='lat' dir='ltr'>amnis,</span> 
     </span>
     <span class='ocr_line' id='line_1_23' title="bbox 155 2044 874 2115; baseline 0.003 -19"><span class='ocrx_word' id='word_1_139' title='bbox 155 2044 167 2111; x_wconf 93' lang='lat'>(</span> <span class='ocrx_word' id='word_1_140' title='bbox 183 2048 224 2096; x_wconf 89' lang='lat' dir='ltr'>Sic</span> <span class='ocrx_word' id='word_1_141' title='bbox 241 2059 347 2097; x_wconf 77' lang='lat' dir='ltr'>aeternua</span> <span class='ocrx_word' id='word_1_142' title='bbox 361 2062 404 2098; x_wconf 79' lang='lat' dir='ltr'>eas</span> <span class='ocrx_word' id='word_1_143' title='bbox 424 2044 431 2096; x_wconf 88' lang='lat'>!</span> <span class='ocrx_word' id='word_1_144' title='bbox 449 2048 461 2115; x_wconf 91' lang='lat'>)</span> <span class='ocrx_word' id='word_1_145' title='bbox 477 2048 559 2097; x_wconf 85' lang='lat' dir='ltr'>labere</span> <span class='ocrx_word' id='word_1_146' title='bbox 574 2044 622 2095; x_wconf 84' lang='lat' dir='ltr'>fine</span> <span class='ocrx_word' id='word_1_147' title='bbox 637 2058 692 2095; x_wconf 87' lang='lat' dir='ltr'>tuo.</span> <span class='ocrx_word' id='word_1_148' title='bbox 840 2062 874 2098; x_wconf 79' lang='lat' dir='ltr'>ro</span> 
     </span>
     <span class='ocr_line' id='line_1_24' title="bbox 114 2118 829 2179; baseline 0.001 -9"><span class='ocrx_word' id='word_1_149' title='bbox 114 2120 177 2170; x_wconf 84' lang='lat' dir='ltr'>Non</span> <span class='ocrx_word' id='word_1_150' title='bbox 193 2119 242 2171; x_wconf 79' lang='lat' dir='ltr'>eris</span> <span class='ocrx_word' id='word_1_151' title='bbox 257 2120 372 2178; x_wconf 72' lang='lat' dir='ltr'>invidie,</span> <span class='ocrx_word' id='word_1_152' title='bbox 387 2133 503 2179; x_wconf 80' lang='lat' dir='ltr'>torrens,</span> <span class='ocrx_word' id='word_1_153' title='bbox 521 2120 578 2169; x_wconf 86' lang='lat' dir='ltr'>mihi</span> <span class='ocrx_word' id='word_1_154' title='bbox 593 2119 686 2179; x_wconf 87' lang='lat' dir='ltr'>crede,</span> <span class='ocrx_word' id='word_1_155' title='bbox 704 2118 829 2179; x_wconf 76' lang='lat' dir='ltr'>serenda.</span> 
     </span>
     <span class='ocr_line' id='line_1_25' title="bbox 54 2193 681 2261; baseline 0.002 -19"><span class='ocrx_word' id='word_1_156' title='bbox 54 2200 61 2213; x_wconf 83' lang='lat'><em>&#39;</em></span> <span class='ocrx_word' id='word_1_157' title='bbox 153 2193 180 2242; x_wconf 87' lang='lat' dir='ltr'>Si</span> <span class='ocrx_word' id='word_1_158' title='bbox 196 2194 263 2245; x_wconf 88' lang='lat' dir='ltr'>dicar</span> <span class='ocrx_word' id='word_1_159' title='bbox 277 2211 322 2261; x_wconf 86' lang='lat' dir='ltr'>per</span> <span class='ocrx_word' id='word_1_160' title='bbox 339 2206 365 2243; x_wconf 90' lang='lat' dir='ltr'>te</span> <span class='ocrx_word' id='word_1_161' title='bbox 380 2193 446 2245; x_wconf 83' lang='lat' dir='ltr'>iort&#39;e</span> <span class='ocrx_word' id='word_1_162' title='bbox 461 2205 573 2245; x_wconf 82' lang='lat' dir='ltr'>retentus</span> <span class='ocrx_word' id='word_1_163' title='bbox 590 2208 681 2243; x_wconf 82' lang='lat' dir='ltr'>amans.</span> 
     </span>
     <span class='ocr_line' id='line_1_26' title="bbox 117 2265 747 2333; baseline 0 -14"><span class='ocrx_word' id='word_1_164' title='bbox 117 2266 229 2320; x_wconf 81' lang='lat' dir='ltr'>Flumina</span> <span class='ocrx_word' id='word_1_165' title='bbox 246 2267 364 2319; x_wconf 83' lang='lat' dir='ltr'>deberent</span> <span class='ocrx_word' id='word_1_166' title='bbox 379 2265 481 2333; x_wconf 81' lang='lat' dir='ltr'>juvenes</span> <span class='ocrx_word' id='word_1_167' title='bbox 498 2268 525 2317; x_wconf 92' lang='lat' dir='ltr'>in</span> <span class='ocrx_word' id='word_1_168' title='bbox 541 2282 624 2317; x_wconf 83' lang='lat' dir='ltr'>amore</span> <span class='ocrx_word' id='word_1_169' title='bbox 641 2265 747 2333; x_wconf 82' lang='lat' dir='ltr'>juvare:</span> 
     </span>
     <span class='ocr_line' id='line_1_27' title="bbox 156 2339 725 2409; baseline 0.005 -19"><span class='ocrx_word' id='word_1_170' title='bbox 156 2340 265 2391; x_wconf 84' lang='lat' dir='ltr'>Flumina</span> <span class='ocrx_word' id='word_1_171' title='bbox 278 2341 401 2394; x_wconf 89' lang='lat' dir='ltr'>senserunt</span> <span class='ocrx_word' id='word_1_172' title='bbox 414 2341 463 2406; x_wconf 79' lang='lat' dir='ltr'>ipsa</span> <span class='ocrx_word' id='word_1_173' title='bbox 475 2374 483 2398; x_wconf 91' lang='lat'>‚</span> <span class='ocrx_word' id='word_1_174' title='bbox 500 2340 557 2409; x_wconf 87' lang='lat' dir='ltr'>quid</span> <span class='ocrx_word' id='word_1_175' title='bbox 573 2339 631 2389; x_wconf 83' lang='lat' dir='ltr'>effct</span> <span class='ocrx_word' id='word_1_176' title='bbox 647 2356 725 2393; x_wconf 80' lang='lat' dir='ltr'>arnor.</span> 
     </span>
     <span class='ocr_line' id='line_1_28' title="bbox 96 2409 873 2481; baseline -0.001 -16"><span class='ocrx_word' id='word_1_177' title='bbox 96 2409 98 2414; x_wconf 46' lang='lat'><strong>¹</strong></span> <span class='ocrx_word' id='word_1_178' title='bbox 116 2414 224 2466; x_wconf 81' lang='lat' dir='ltr'>Inachus</span> <span class='ocrx_word' id='word_1_179' title='bbox 239 2414 266 2463; x_wconf 88' lang='lat' dir='ltr'>in</span> <span class='ocrx_word' id='word_1_180' title='bbox 280 2413 360 2464; x_wconf 86' lang='lat' dir='ltr'>Melie</span> <span class='ocrx_word' id='word_1_181' title='bbox 374 2414 504 2481; x_wconf 86' lang='lat' dir='ltr'>Bithynide</span> <span class='ocrx_word' id='word_1_182' title='bbox 521 2413 622 2479; x_wconf 86' lang='lat' dir='ltr'>pallidus</span> <span class='ocrx_word' id='word_1_183' title='bbox 639 2412 679 2463; x_wconf 80' lang='lat' dir='ltr'>isse</span> <span class='ocrx_word' id='word_1_184' title='bbox 839 2426 873 2475; x_wconf 87' lang='lat'>25</span> 
     </span>
     <span class='ocr_line' id='line_1_29' title="bbox 154 2485 651 2557; baseline 0 -21"><span class='ocrx_word' id='word_1_185' title='bbox 154 2487 273 2546; x_wconf 84' lang='lat' dir='ltr'>Dicitur,</span> <span class='ocrx_word' id='word_1_186' title='bbox 292 2488 319 2539; x_wconf 72' lang='grc' dir='ltr'><strong>δι</strong></span> <span class='ocrx_word' id='word_1_187' title='bbox 336 2488 420 2557; x_wconf 80' lang='lat' dir='ltr'>gelidis</span> <span class='ocrx_word' id='word_1_188' title='bbox 437 2486 556 2536; x_wconf 87' lang='lat' dir='ltr'>incaluille</span> <span class='ocrx_word' id='word_1_189' title='bbox 573 2485 651 2536; x_wconf 80' lang='lat' dir='ltr'>vadis.</span> 
     </span>
     <span class='ocr_line' id='line_1_30' title="bbox 116 2558 720 2626; baseline -0.005 -13"><span class='ocrx_word' id='word_1_190' title='bbox 116 2561 236 2613; x_wconf 84' lang='lat' dir='ltr'>Nondum</span> <span class='ocrx_word' id='word_1_191' title='bbox 250 2560 329 2626; x_wconf 80' lang='lat' dir='ltr'>Troia</span> <span class='ocrx_word' id='word_1_192' title='bbox 345 2561 392 2611; x_wconf 82' lang='lat' dir='ltr'>suit</span> <span class='ocrx_word' id='word_1_193' title='bbox 408 2559 485 2611; x_wconf 80' lang='lat' dir='ltr'>lustris</span> <span class='ocrx_word' id='word_1_194' title='bbox 502 2558 591 2611; x_wconf 73' lang='lat' dir='ltr'>obsessa</span> <span class='ocrx_word' id='word_1_195' title='bbox 608 2558 720 2618; x_wconf 72' lang='lat' dir='ltr'>duobus,</span> 
     </span>
     <span class='ocr_line' id='line_1_31' title="bbox 157 2632 754 2701; baseline 0 -18"><span class='ocrx_word' id='word_1_196' title='bbox 157 2633 220 2684; x_wconf 86' lang='lat' dir='ltr'>Cum</span> <span class='ocrx_word' id='word_1_197' title='bbox 235 2634 314 2701; x_wconf 85' lang='lat' dir='ltr'>rapuit</span> <span class='ocrx_word' id='word_1_198' title='bbox 328 2635 428 2692; x_wconf 77' lang='lat' dir='ltr'>vultus,</span> <span class='ocrx_word' id='word_1_199' title='bbox 447 2632 564 2692; x_wconf 66' lang='lat' dir='ltr'>blanche.</span> <span class='ocrx_word' id='word_1_200' title='bbox 585 2634 671 2683; x_wconf 64' lang='lat' dir='ltr'>Neara</span> <span class='ocrx_word' id='word_1_201' title='bbox 687 2646 754 2683; x_wconf 82' lang='lat' dir='ltr'>tuor</span> 
     </span>
     <span class='ocr_line' id='line_1_32' title="bbox 115 2706 730 2773; baseline -0.005 -14"><span class='ocrx_word' id='word_1_202' title='bbox 115 2707 212 2773; x_wconf 81' lang='lat' dir='ltr'>Quid?</span> <span class='ocrx_word' id='word_1_203' title='bbox 229 2723 279 2758; x_wconf 88' lang='lat' dir='ltr'>non</span> <span class='ocrx_word' id='word_1_204' title='bbox 296 2706 411 2773; x_wconf 76' lang='lat' dir='ltr'>Alpheon</span> <span class='ocrx_word' id='word_1_205' title='bbox 428 2707 528 2759; x_wconf 79' lang='lat' dir='ltr'>diversis</span> <span class='ocrx_word' id='word_1_206' title='bbox 546 2722 642 2757; x_wconf 82' lang='lat' dir='ltr'>currere</span> <span class='ocrx_word' id='word_1_207' title='bbox 658 2706 730 2757; x_wconf 77' lang='lat' dir='ltr'>tetris</span> 
     </span>
     <span class='ocr_line' id='line_1_33' title="bbox 155 2779 873 2876; baseline -0.003 -46"><span class='ocrx_word' id='word_1_208' title='bbox 155 2781 264 2851; x_wconf 82' lang='lat' dir='ltr'>Virginis</span> <span class='ocrx_word' id='word_1_209' title='bbox 279 2779 390 2832; x_wconf 76' lang='lat' dir='ltr'>Arcadiae</span> <span class='ocrx_word' id='word_1_210' title='bbox 406 2794 487 2831; x_wconf 83' lang='lat' dir='ltr'>certus</span> <span class='ocrx_word' id='word_1_211' title='bbox 502 2780 585 2849; x_wconf 89' lang='lat' dir='ltr'>adegit</span> <span class='ocrx_word' id='word_1_212' title='bbox 600 2779 692 2876; x_wconf 33' lang='lat' dir='ltr'>amorp?</span> <span class='ocrx_word' id='word_1_213' title='bbox 740 2826 743 2829; x_wconf 90' lang='lat'>.</span> <span class='ocrx_word' id='word_1_214' title='bbox 802 2790 873 2845; x_wconf 83' lang='lat'>30</span> 
     </span>
     <span class='ocr_line' id='line_1_34' title="bbox 117 2838 830 2921; baseline -0.012 -14"><span class='ocrx_word' id='word_1_215' title='bbox 117 2856 159 2907; x_wconf 82' lang='lat' dir='ltr'>Te</span> <span class='ocrx_word' id='word_1_216' title='bbox 176 2871 274 2921; x_wconf 80' lang='lat' dir='ltr'>quoque</span> <span class='ocrx_word' id='word_1_217' title='bbox 291 2854 423 2921; x_wconf 73' lang='lat' dir='ltr'>promissam</span> <span class='ocrx_word' id='word_1_218' title='bbox 439 2854 559 2913; x_wconf 82' lang='lat' dir='ltr'>Xantho.</span> <span class='ocrx_word' id='word_1_219' title='bbox 580 2854 681 2912; x_wconf 78' lang='lat' dir='ltr'>Pande,</span> <span class='ocrx_word' id='word_1_220' title='bbox 700 2838 830 2901; x_wconf 85' lang='lat' dir='ltr'>Creiisaun.</span> 
     </span>
    </p>
   </div>
   <div class='ocr_carea' id='block_1_5' title="bbox 157 2926 639 2983">
    <p class='ocr_par' dir='ltr' id='par_1_5' title="bbox 157 2926 639 2983">
     <span class='ocr_line' id='line_1_35' title="bbox 157 2926 639 2983; baseline -0.004 -4"><span class='ocrx_word' id='word_1_221' title='bbox 157 2927 299 2979; x_wconf 79' lang='lat' dir='ltr'>Phthiotam</span> <span class='ocrx_word' id='word_1_222' title='bbox 312 2930 385 2982; x_wconf 79' lang='lat' dir='ltr'>terris</span> <span class='ocrx_word' id='word_1_223' title='bbox 401 2926 532 2983; x_wconf 79' lang='lat' dir='ltr'>occuluisic</span> <span class='ocrx_word' id='word_1_224' title='bbox 548 2929 639 2981; x_wconf 83' lang='lat' dir='ltr'>ierunt.</span> 
     </span>
    </p>
   </div>
   <div class='ocr_carea' id='block_1_6' title="bbox 0 0 1022 3709">
    <p class='ocr_par' dir='ltr' id='par_1_6' title="bbox 0 0 1022 3709">
     <span class='ocr_line' id='line_1_36' title="bbox 0 0 1022 3709; baseline 0 1"><span class='ocrx_word' id='word_1_225' title='bbox 0 0 1022 3709; x_wconf 95' lang='lat' dir='ltr'> </span> 
     </span>
    </p>
   </div>
  </div>
 </body>
</html>
