2034 3709
126 263 134 279 .
228 210 305 278 216
358 189 850 275 Orrnrr'Naronrs

227 323 353 381 Tantdm,
372 340 403 373 ne
420 335 527 373 noceant
542 322 633 373 teneris
649 320 712 372 mali
726 334 796 388 rapta
811 322 932 381 labellis,

264 401 338 449 Neve
355 397 423 464 queri
440 398 518 462 possit
536 397 596 445 dura
611 394 699 451 suisse,
716 412 787 445 tave.

231 473 322 526 Oscula
336 470 377 537 qui
392 469 492 527 sumsit,
511 470 532 519 si
549 486 600 519 non
616 468 643 517 δι
657 480 741 517 cetera
756 469 856 537 sumet3

168 550 221 615 670
267 546 329 595 Haec
341 559 453 610 quoque,
465 560 520 609 quae
530 542 587 593 data
595 541 664 599 sunt,
676 542 779 606 perdere
792 542 881 610 dignus
892 542 955 595 erit.

232 616 356 683 Quantum
373 617 485 666 defuerat
498 617 572 681 pleno
588 613 640 679 post
656 614 739 664 oscula
751 617 835 665 voto!

257 692 318 741 'Hei
334 690 389 745 nihi
406 688 413 739 l
430 688 545 739 rusticitas
554 721 564 747 ,
582 704 633 737 non
646 688 727 753 pudor
742 688 805 747 ille,
826 689 885 739 suit.

232 766 290 820 Vim
308 764 366 813 licet
380 764 507 829 appelles3
527 773 594 830 grata
610 759 643 810 esi
657 761 692 810 vis
708 758 749 809 ista
763 761 873 827 puellis:
947 796 950 803 ·

268 836 346 899 Quod
360 835 447 902 juvat,
465 836 548 885 invitae
565 835 627 899 saepe
644 832 733 883 dedisse
749 837 848 884 volunt.

169 920 203 985 ⁶7
208 932 220 983 5
232 912 398 978 Quacumque
414 906 448 957 esl
464 908 539 958 subiti
547 906 661 980 ‘Veneris
677 905 768 957 violata
785 906 891 972 topini,

269 982 390 1033 Gaudet:
405 981 431 1032 δι
445 980 585 1047 improbitas
599 980 704 1031 muneris
717 978 789 1029 inslar
805 982 892 1030 habet.

231 1058 266 1113 At
278 1074 351 1124 quae,
369 1052 423 1105 cim
438 1054 494 1121 cogi
509 1054 607 1121 posset,
622 1070 673 1103 non
687 1052 749 1103 tesia
763 1054 891 1111 recessit,

267 1130 304 1181 Ut
319 1128 415 1180 simulet
431 1129 499 1177 vultu
516 1128 621 1195 gaudia,
639 1126 710 1177 tristis
726 1125 783 1177 erit.

230 1204 290 1259 Vim
304 1200 366 1269 palla
380 1200 413 1253 est
428 1200 542 1257 Phoebe,
557 1200 593 1252 tis
609 1198 643 1249 est
658 1200 731 1249 allate
746 1198 848 1251 sororis

170 1284 222 1337 680
268 1277 300 1328 Et
316 1288 397 1343 gratus
413 1285 487 1340 raptae
504 1285 587 1339 raptor
601 1284 705 1339 uterque
721 1271 777 1321 suit.

119 1358 123 1365 '
230 1350 319 1409 prula
335 1361 393 1397 nota
408 1347 524 1413 quidem,
543 1345 584 1395 sed
597 1362 647 1395 non
660 1345 758 1411 indigua
771 1345 882 1405 referri,

265 1420 361 1488 Scyrias
376 1420 505 1471 Haemonio
521 1418 602 1484 junna
617 1419 697 1484 puella
711 1418 776 1470 viro.

229 1498 280 1551 Jam
295 1494 351 1543 Dea
367 1493 469 1545 laudatae
484 1493 586 1553 dederat
598 1492 638 1542 sua
652 1492 750 1558 praemia
764 1491 870 1550 sormae,

267 1566 340 1617 Colle
357 1566 397 1616 sub
414 1566 482 1615 ldaeo
497 1566 597 1615 vincere
615 1565 685 1631 digna
699 1564 767 1614 duas.

167 1647 217 1711 685
229 1642 280 1696 lam
293 1655 368 1691 nurus
382 1638 413 1689 ad
427 1637 546 1689 Priainurn
560 1639 654 1688 diverso
670 1648 772 1690 venerat
785 1638 872 1698 orbe,

267 1714 390 1779 Graiaque
406 1710 431 1761 in
447 1712 527 1763 Iliacis
542 1711 659 1761 maenibus
673 1727 734 1759 uxor
751 1722 817 1761 eret.

229 1788 344 1841 Iurabant
360 1800 444 1835 omnes
460 1785 485 1833 in
500 1785 551 1835 laesi
567 1784 641 1833 verba
656 1782 754 1835 mariti:

265 1862 327 1911 Nam
342 1858 413 1909 dolor
429 1858 499 1908 unius
516 1859 612 1923 publica
629 1856 696 1907 causa
713 1855 768 1905 suit.

229 1935 328 1999 Turpe,
342 1932 386 1981 nisi
396 1933 443 1981 hoc
454 1931 535 1981 manis
545 1930 657 1996 precibus
667 1927 782 1979 tribuisset
793 1926 927 1980 Achillest

166 2012 219 2078 690
264 2006 339 2058 Veste
353 2006 430 2055 virum
446 2004 520 2071 longit
532 2004 693 2054 dissimulatus
711 2013 773 2051 erat.

228 2080 294 2145 Quld
305 2079 380 2137 sacis,
396 2076 498 2129 AEacide
512 2076 523 2125 ἒ
539 2093 590 2127 non
600 2076 704 2125 sunttua
714 2076 901 2127 munerariae.

263 2154 303 2202 Tu
319 2152 403 2203 titulos
419 2150 465 2201 alii
481 2150 584 2201 Palladis
600 2161 653 2198 arte
668 2161 748 2215 petas.

227 2226 294 2291 Quid
302 2224 346 2277 tibi
354 2240 408 2275 cum
416 2222 618 2291 calathisiclypeo
625 2238 709 2273 uranus
715 2233 771 2287 apta
779 2220 887 2271 serendo
897 2218 942 2270 est.

264 2298 338 2348 Pensa
349 2297 405 2363 quid
417 2298 441 2347 in
452 2297 556 2354 dextra,
573 2296 623 2362 qud
630 2295 702 2345 cadet
712 2294 806 2345 Heslor
818 2328 827 2355 ,
843 2295 920 2343 habes
933 2290 945 2342 i

164 2375 214 2440 695
225 2370 311 2434 Rejice
326 2368 456 2421 succinslos
473 2370 578 2435 operoso
593 2368 689 2417 stamine
703 2367 778 2417 susos.

262 2441 397 2507 Quassanda
413 2442 446 2493 est
460 2441 500 2493 isli
516 2441 595 2492 Pelias
609 2441 673 2493 hasla
688 2456 769 2489 manu.

225 2518 299 2569 Forte
316 2528 368 2565 erat
384 2516 408 2564 in
423 2518 529 2565 thalamo
544 2516 614 2582 virgo
630 2514 717 2581 regalis
733 2512 844 2565 eodem:

263 2588 322 2639 Haec
338 2588 403 2641 illurn
419 2589 498 2655 stupro
515 2588 633 2654 comperit
648 2586 695 2637 effe
710 2587 799 2638 virum.

225 2664 324 2715 Viribus
335 2661 374 2710 illa
386 2661 481 2725 quidem
492 2661 553 2711 vitia
564 2661 614 2718 est,
630 2661 662 2711 ita
674 2659 775 2709 credere
787 2670 909 2725 oportet:

162 2754 214 2806 700
261 2735 308 2785 Sed
326 2733 402 2782 voluit
418 2734 481 2783 vinci
497 2734 586 2783 viribus
601 2734 643 2783 illa
659 2747 750 2783 tamen.

225 2810 293 2873 Saepe
305 2843 312 2868 ,
324 2806 399 2857 Mane
410 2838 418 2863 ,
430 2807 507 2863 dixit,
529 2804 582 2856 edm
593 2806 639 2871 jam
649 2817 792 2871 properaret
803 2804 914 2855 Achilles
927 2820 935 2855 t

261 2882 343 2934 Fortia
359 2896 413 2939 nam
427 2879 507 2949 positi
522 2878 634 2931 sumserat
647 2894 711 2933 arms
726 2879 793 2929 tolo.

887 2969 933 3024 Vis
