2034 3709
100 231 163 283 m·
189 217 306 283 Am
333 215 522 285 Amnum
550 220 588 287 t.
615 220 664 288 II.
691 240 767 317 239

49 335 127 385 Fecit
136 335 161 383 in
171 332 342 384 Andromache
353 336 419 401 prius
429 337 477 385 hoc
487 336 632 388 fortissimus
642 337 735 391 Hellor
745 356 753 391 r

91 408 149 456 Nec
163 407 240 456 solum
255 408 326 457 bellis
341 409 407 458 utilis
417 409 460 458 ille
474 409 530 459 suit.
777 428 832 479 710

49 480 127 531 Fecit
138 482 163 531 δι
173 481 280 545 incepta
292 481 425 548 Lyrneside
436 498 536 550 maguus
548 481 656 534 Achilles
666 518 676 541 ,

91 550 155 603 cum
166 568 290 620 premeret
297 556 396 604 mollem
406 554 476 605 lassus
485 556 515 608 ab
526 556 593 607 hoste
604 569 695 621 torum·
725 586 728 595 ·

49 627 103 677 lllis
115 638 142 677 te
153 628 219 695 tangi
230 628 357 688 manibus,
377 627 455 679 Brise'i
467 662 475 687 ,
493 629 588 699 sinebap
600 662 608 688 ,

90 702 196 750 lmbutae
207 700 312 769 Phrygia
322 718 375 769 quae
385 718 447 753 nece
458 702 552 768 semper
561 713 641 754 erant.

50 773 93 824 An
105 774 152 823 suit
163 775 210 823 hoc
221 774 296 840 ipsum
307 808 315 833 ,
333 776 398 842 quod
408 788 435 826 te
446 808 454 834 ‚
469 776 555 825 lasciva
566 808 574 834 ‚
590 774 707 840 juvaret,
780 794 832 845 715

91 847 134 896 Ad
144 860 186 897 tua
201 848 312 899 vislrices
322 851 428 899 membra
441 849 526 899 venire
536 866 618 900 manua
632 848 643 899 d

52 920 140 970 Crede
151 920 209 969 mihi
222 954 230 979 ,
245 939 294 971 non
304 922 339 971 est
349 922 454 973 Veneris
464 922 616 988 properanda
626 922 741 992 voluptas
751 941 762 985 3

90 993 144 1044 Sed
155 994 242 1044 sensim
251 993 320 1045 tardi
330 995 480 1061 prolicienda
490 995 567 1046 mord.

52 1065 120 1117 Cum
130 1068 187 1116 loca
197 1068 333 1135 reppereris
345 1101 353 1126 ,
369 1086 424 1136 que
433 1068 500 1134 tadgi
511 1068 598 1119 semina
609 1070 698 1135 gaudet
709 1088 720 1130 ς

92 1141 155 1189 Non
165 1140 243 1215 obslet
254 1173 262 1198 ,
281 1154 365 1209 tangas
376 1158 425 1209 quo
435 1141 512 1191 minus
523 1140 583 1200 illa,
600 1142 689 1207 pudor·
778 1158 835 1207 720

52 1212 171 1281 Aspicies
183 1204 268 1264 oc'ulos
278 1216 386 1265 tremulo
396 1214 491 1281 fulgore
501 1214 618 1265 micantes
630 1248 638 1274 ‚

91 1287 129 1336 Ut
141 1286 178 1337 sol
187 1304 202 1335 a
212 1285 302 1353 liquida
312 1286 376 1353 saepe
386 1282 492 1355 refulges
502 1287 573 1355 aqud.

54 1359 188 1411 Accedent
193 1356 294 1427 questas
303 1394 312 1419 ,
331 1361 434 1415 accedet
444 1362 545 1411 amabile
556 1378 681 1423 murmur,

92 1434 125 1485 Et
138 1434 223 1484 dulces
233 1435 339 1503 gemitur
351 1468 358 1493 ,
372 1446 483 1501 ,aptaque
493 1434 646 1503 verbejoto·

56 1509 106 1558 Sed
117 1524 201 1573 neque
213 1519 240 1556 tu
253 1507 372 1568 dominam
382 1508 444 1558 velis
453 1507 584 1572 majoribus
598 1510 653 1561 usus
780 1526 815 1577 72
821 1526 833 1576 5

93 1582 193 1642 Desine
204 1596 213 1638 3
232 1596 279 1629 ner
290 1580 371 1629 rursus
381 1592 465 1631 anteat
476 1582 517 1631 illa
531 1595 595 1631 tuos.

56 1654 97 1705 Ad
109 1666 202 1704 metam
212 1658 342 1720 properate
351 1654 422 1703 sirnul
432 1670 441 1703 ι
452 1667 503 1703 tum
515 1656 587 1721 plena
598 1656 711 1721 voluptas
722 1688 731 1716 ,

95 1726 164 1776 'Cdm
175 1728 265 1793 pariter
275 1726 331 1777 visti
341 1726 429 1777 semina
438 1727 523 1793 virque
533 1727 624 1793 jacent.

56 1800 106 1850 Hic
116 1800 165 1849 tibi
175 1798 306 1850 servandus
315 1807 389 1870 tepor
398 1800 450 1856 est,
470 1799 523 1851 clun
534 1802 608 1853 libera
619 1801 704 1853 dantur

95 1873 160 1924 Otia
172 1891 181 1931 ;
200 1873 313 1923 furtivum
324 1889 369 1923 nnc
380 1874 452 1923 timor
461 1886 534 1941 urget
544 1890 614 1939 opus.
783 1888 838 1942 730

58 1945 121 1997 Cdm
133 1964 206 1996 mora
215 1964 265 1996 non
275 1958 327 1995 tuta
338 1946 391 2006 est,
404 1948 466 1997 'totis
477 1948 617 1999 incumbere
626 1946 699 1997 remis

94 2020 171 2070 Utile
183 2054 192 2078 ‚
211 2020 342 2071 &admisso
355 2020 456 2071 subdere
467 2021 548 2070 calcar
558 2036 631 2087 equo.

58 2093 124 2145 finis
136 2092 205 2143 adest
216 2093 284 2160 operi
295 2109 302 2144 ε
314 2082 414 2159 palniam
425 2093 481 2143 date
493 2127 501 2152 ,
517 2106 584 2161 grata
594 2092 707 2160 juventus
718 2108 730 2154 3

95 2168 220 2233 Sertaque
230 2168 338 2216 odoratae
348 2166 514 2234 myrtekserte
526 2183 612 2217 comae.

59 2239 178 2305 Quantus
189 2240 252 2305 apud
262 2240 361 2289 Danaos
371 2240 505 2289 Podalirius
515 2252 568 2289 arte
578 2238 692 2290 medendi
702 2272 711 2299 ,
783 2253 817 2306 73
823 2255 836 2305 5

95 2306 217 2363 Aiacider
227 2312 328 2371 dextri,
342 2312 440 2379 pedore
450 2313 539 2363 Nestor
549 2325 601 2363 erat
611 2330 620 2373 ς

59 2385 181 2451 Quantus
192 2398 243 2435 erat
255 2385 358 2435 Calchas
369 2387 431 2435 extis
442 2419 450 2444 ‚
466 2385 623 2436 Telamonius
633 2385 724 2448 amnis,

96 2460 259 2511 Automedon
275 2475 366 2517 curru3
385 2471 466 2508 tantus
481 2471 575 2509 amator
590 2476 648 2527 ego.

60 2532 106 2583 Me
116 2544 204 2581 vatem
218 2534 340 2582 celebrate
353 2568 361 2591 ,
375 2532 420 2580 virs
432 2548 441 2589 ;
456 2532 513 2580 mini
524 2532 596 2582 dicite
607 2533 710 2587 laudest

98 2604 224 2655 Cantetur
233 2618 288 2655 toto
299 2621 387 2655 nomen
397 2605 421 2652 in
432 2607 492 2655 orbe
502 2622 592 2654 meum.
784 2618 839 2669 740

62 2678 139 2731 Arma
152 2678 209 2727 dedi
218 2679 287 2728 vobis
299 2694 308 2728 t
321 2662 422 2728 dederat'
430 2680 555 2729 Vulcanus
566 2677 666 2731 Achilli.

99 2753 203 2808 Vincite
213 2753 369 2814 muneribus,
384 2751 443 2803 vicit
456 2762 483 2803 ut
492 2752 554 2812 ille,
572 2752 643 2805 datis.
