2034 3709
162 283 188 331 x
282 260 324 329 P.
352 260 506 329 orm.
533 256 645 327 NAs.
671 260 812 327 VrrA.

162 422 183 454 o
197 394 430 477 tamorpboseon
446 414 564 476 opere,
584 394 677 475 inquit
694 391 852 466 Gifanius,
877 392 942 451 tale

164 520 183 555 o
196 494 238 555 sui
255 493 402 577 specimen
419 496 498 557 Naso
516 496 668 569 exhibuit,
689 510 721 553 ut
742 490 868 553 diversas
891 491 945 551 fa-

166 594 310 668 obolas,
339 593 535 660 diversissimi
561 614 730 678 temporum
756 594 869 652 ratione
904 612 945 649 ac

167 720 184 752 o
197 692 269 756 serie
285 690 399 775 gestas,
415 697 578 757 admirabili
595 694 722 767 ordine,
740 696 781 753 sic
799 691 940 773 explici-

166 819 184 851 o
198 797 255 867 rit,
277 810 310 853 ut
327 814 390 854 non
406 798 518 871 variae,
536 795 585 857 sed
602 816 660 855 una
677 795 772 856 videri
790 794 895 875 possit.

165 941 170 948 .
207 890 279 953 Vll.
300 894 490 956 Fssnouun
509 895 598 957 libros
615 892 665 953 sex
678 896 728 955 vix
748 892 915 955 absolverat
927 936 944 965 ,

164 1014 255 1075 quum
273 993 401 1057 exsulare
420 993 507 1075 jussus
526 992 578 1055 est.
616 1037 620 1045 ·
751 1027 754 1042 ·

205 1093 289 1155 Vlss.
309 1094 484 1157 Tirsrrun
502 1097 594 1157 libros
612 1098 738 1178 quinque
755 1092 866 1174 scripsit
882 1112 942 1154 exs-

165 1194 220 1254 silii
239 1211 399 1277 tempore,
421 1217 483 1256 non
500 1194 643 1276 adscripto
666 1213 770 1255 eorum
787 1199 911 1257 nomine
928 1240 941 1271 ,

165 1294 204 1354 ad
221 1316 297 1376 quos
315 1315 461 1378 quamque
476 1292 628 1375 epistolam
644 1296 731 1356 misit.

206 1392 265 1455 IX.
285 1394 535 1456 Eersronnuum
557 1413 574 1455 e
594 1390 690 1455 Ponto
706 1392 770 1455 libri
787 1410 939 1475 quatuor,

166 1494 224 1555 hoc
249 1518 310 1557 uno
328 1494 438 1557 distant
460 1518 480 1556 a
504 1495 673 1577 prioribus,
701 1494 781 1575 quod
803 1495 938 1577 epistolae

167 1616 271 1658 omnes
293 1594 458 1660 commod
484 1616 560 1677 quos
581 1591 667 1655 miffae
691 1591 785 1669 sunt,
811 1598 937 1658 nomina

166 1696 399 1777 praeseferunt.

207 1792 268 1855 Du
293 1796 337 1856 his
360 1816 472 1858 novem
500 1794 577 1855 libris
603 1793 761 1855 audiendus
788 1792 829 1855 est
851 1792 937 1858 Dant

166 1893 314 1957 Heinsius.
335 1923 354 1957 o
375 1897 455 1958 Libri
475 1892 635 1969 Tristium,
659 1894 813 1977 &quide
834 1895 935 1959 Ponto

166 2019 186 2054 rs
199 1996 418 2072 inscribuntur,
447 2016 507 2077 quo
538 1994 574 2055 ab
608 1995 690 2055 omni
716 1992 899 2058 affesiatione
925 2044 936 2073 ‚

165 2119 183 2153 u
199 2094 403 2181 (quamquam
419 2097 453 2155 iis
475 2114 543 2153 cum
565 2094 711 2175 plerisque
729 2094 803 2155 illius
821 2095 935 2178 scriptis

164 2220 183 2255 o
198 2197 256 2257 hoc
271 2218 429 2261 commuue
445 2194 510 2269 est,
532 2194 655 2277 )magis
675 2196 762 2257 alieni
778 2196 870 2271 sunt,¹
891 2216 933 2259 eo

163 2319 182 2356 o
196 2300 288 2381 magis
319 2298 520 2360 commendari
546 2293 697 2375 juventuti
723 2296 843 2357 debent.
878 2296 932 2359 Est

162 2418 181 2453 o
195 2384 303 2478 ubique
322 2397 482 2474 Latinitas,
504 2398 556 2459 vel
578 2400 654 2459 inter
678 2400 795 2479 prima3
813 2414 845 2457 ut
867 2420 934 2462 non

163 2524 181 2557 o
193 2514 306 2561 temere
324 2500 480 2572 Muretus,
496 2518 578 2579 quo,
594 2496 660 2580 post
677 2498 773 2559 literas
794 2516 931 2576 renatas,

165 2622 183 2657 o
198 2615 288 2658 nemo
313 2602 376 2661 sine
403 2599 585 2661 affeslatione
611 2580 780 2682 elegantiis
795 2598 932 2682 scripsit,

162 2720 181 2756 o
195 2697 374 2777 quemdam,
396 2706 446 2785 qui
472 2702 582 2762 ausiori
605 2717 689 2767 tanto
712 2703 786 2763 bano
811 2702 932 2765 laudern
986 2728 990 2735 ⁴

163 2820 182 2853 o
195 2797 382 2874 detraheret,
398 2804 526 2885 prodigii
542 2801 627 2863 instar
636 2846 648 2879 ,
664 2806 728 2865 ovis
746 2804 779 2865 &
794 2802 931 2887 sulphure

163 2922 180 2957 s
194 2896 371 2961 lustrandum
387 2905 538 2967 existimet.

165 3039 168 3047 ι
201 2998 240 3063 X·
260 2998 357 3065 lunc
373 3008 469 3090 ptimo
486 3006 577 3071 exsilii
594 3026 672 3070 anuo
690 3004 812 3087 scripsit.
