2034 3709
177 270 466 341 Hnnowm.
492 269 574 339 Ep.
604 270 703 341 VH.
742 256 789 368 33

73 392 136 448 Non
151 409 200 463 ege
210 393 261 443 sum
269 390 369 443 Phthias
379 425 389 450 ,
398 390 536 460 magnisque
545 392 645 441 oriunda
657 392 772 461 Mycenis
784 410 791 445 ι
807 390 854 457 165

112 467 169 520 Nec
181 466 298 518 steterunt
309 466 369 515 inte
384 467 468 530 virque
480 476 595 531 paterque
606 483 682 515 meus.

76 540 104 591 si
127 540 205 607 pudet
223 541 306 589 uxoris
316 557 324 597 ς
341 554 391 587 non
409 551 501 603 nupta,
522 538 563 589 sed
580 534 673 605 hospita
690 539 766 591 dicar.

112 613 182 663 Dum
202 626 245 662 tua
263 614 295 662 sit
311 612 395 671 Dido,
414 612 538 677 quodlibet
556 611 603 662 effe
621 614 693 663 feret.

76 684 145 737 Nota
159 686 220 735 mihi
240 686 304 736 freta
319 685 374 735 sunt
389 684 475 735 Afrum
489 685 623 752 frangentia
642 688 717 736 litus:

112 760 279 825 Temporibus
299 758 371 807 certis
390 758 495 824 dantque
514 772 652 825 negantque
671 761 744 809 viam.
805 766 855 820 170

76 831 140 883 (nim
157 832 225 881 dabit
240 848 297 881 aura
319 832 397 890 viam,
419 831 537 897 prebebis
561 832 655 881 carbasa
666 834 754 883 ventis.

113 908 190 955 Nunc
205 906 268 954 levis
283 903 383 970 ejeiiam
399 906 510 953 continet
528 906 582 972 alga
596 920 682 958 ratem.

20 1043 21 1046 Ἴ
76 978 193 1046 Tempus
205 991 234 1027 ut
252 976 394 1036 observem,
410 977 496 1027 manda
509 978 587 1036 mihi;
605 978 694 1029 certiiis
712 978 756 1030 ibis
772 994 779 1030 τ

113 1054 170 1102 Nec
184 1063 211 1102 te
221 1052 268 1109 ,·si
286 1053 369 1117 cupies
389 1051 453 1117 ipse,
473 1068 570 1101 manere
583 1053 667 1103 sinam.

79 1125 111 1175 Et
130 1126 190 1175 socii
204 1122 318 1191 ‘requiem
337 1124 459 1191 poscunt,
478 1125 612 1191 laniataque
627 1126 710 1178 classis
802 1132 852 1187 175
890 1174 892 1180 .

113 1198 223 1250 Postulat
237 1199 335 1265 exiguas
349 1196 495 1247 semirefecta
513 1214 600 1248 moras.

78 1270 125 1323 Pte
134 1270 248 1329 meritis,
270 1273 296 1322 δι
313 1272 333 1322 si
350 1288 397 1338 qua
409 1270 452 1327 tibi
464 1272 620 1337 praebebimus
637 1274 718 1334 ultra,
789 1290 793 1297 ’

114 1346 162 1396 Pro
179 1345 221 1411 spe
239 1343 347 1414 conjugii
364 1356 475 1411 tempora
495 1362 568 1410 parva
586 1360 654 1413 peto.

78 1418 145 1469 Dum
160 1419 226 1468 freta
235 1418 364 1468 mitescunt
374 1418 400 1467 δι
409 1418 485 1467 Amor
497 1452 504 1476 ‚
523 1418 578 1467 dum
593 1432 703 1487 tempore
714 1419 739 1471 ὅ(
749 1420 791 1471 usn

115 1492 225 1544 foniter
242 1490 324 1541 edisco
341 1490 415 1540 tristia
433 1490 499 1558 posse
519 1492 578 1557 pati.
807 1496 857 1547 180

82 1566 123 1616 Sin
141 1567 238 1624 minus,
260 1563 293 1614 est
311 1564 402 1614 animus
422 1564 492 1613 nobis
517 1562 640 1615 effundere
660 1567 742 1618 vitam.

115 1640 144 1688 ln
163 1655 203 1687 me
223 1637 326 1687 crudelis
343 1655 392 1687 non
406 1649 477 1703 potes
493 1637 540 1688 effe
558 1638 607 1687 diu.

80 1712 187 1778 Aspicies
206 1711 297 1760 utinam
317 1728 369 1778 quae
385 1711 417 1761 sit
430 1710 663 1779 scribentis'imago!

116 1785 272 1843 Scribimus;
290 1784 423 1853 &gremio
439 1782 548 1836 Troicus
567 1788 630 1837 ensis
649 1785 713 1835 adest
729 1802 736 1836 :

81 1858 174 1925 Perque
192 1874 269 1925 genas
287 1859 398 1925 lacrymae
414 1856 518 1910 annum
533 1858 645 1909 labuntur
656 1859 679 1908 in
690 1860 787 1918 ensem,
807 1860 854 1927 185
873 1912 876 1919 ,

115 1933 167 1997 Qui
179 1931 229 1998 jam
243 1946 288 1996 pro
303 1932 415 1998 lacrymis
431 1930 544 1999 sanguine
562 1932 649 1981 cincius
665 1934 719 1981 erit.

82 2005 163 2071 Quim
181 2006 246 2054 bene
259 2005 406 2053 conveniunt
423 2004 474 2055 fato
487 2018 530 2053 ma
547 2020 646 2053 munera
656 2004 755 2055 nostro!

114 2079 212 2129 instruis
227 2077 334 2143 impensi
344 2078 423 2140 nostra
439 2076 547 2142 sepulcra
554 2078 632 2127 brevi.

81 2153 134 2202 Nec
154 2168 209 2201 mea
222 2168 287 2199 nunc
301 2152 378 2215 primo
394 2150 515 2199 feriuntur
531 2152 629 2215 peiiora
643 2153 697 2203 telo
713 2166 719 2201 ε

115 2227 161 2277 llle
180 2226 251 2275 locus
267 2224 323 2273 saevi
335 2225 422 2274 vulnus
431 2223 528 2275 Amoris
536 2225 619 2275 habet.
809 2228 855 2299 192,

83 2299 151 2350 Anna
160 2299 231 2348 soror
241 2330 249 2354 ‚
260 2298 327 2347 soror
336 2297 422 2353 Anna,
435 2312 495 2346 meae
505 2299 567 2347 maie
577 2296 671 2347 conscia
682 2300 772 2366 culpae,

117 2372 171 2423 Jam
187 2371 256 2421 dabis
275 2371 300 2419 in
317 2371 410 2420 cineres
427 2370 511 2419 ultima
526 2370 588 2419 dona
607 2388 682 2424 meos.

84 2447 136 2496 Nec
155 2445 280 2496 consumta
298 2443 382 2511 rogis,
399 2442 514 2493 inscribar
530 2442 598 2493 Eiiii'a
616 2446 719 2495 Sichaei:
767 2492 771 2504 ,

116 2518 173 2568 Hoc
189 2516 313 2568 tamenin
325 2517 411 2566 tumuli
427 2531 546 2565 marmore
561 2532 656 2567 carmen
673 2518 730 2571 erit.

83 2590 185 2643 Pcaebuit
201 2590 296 2642 AEneae
314 2591 340 2641 &
359 2581 451 2638 causam
467 2590 552 2639 mortis
569 2590 594 2640 ὅ(
612 2592 710 2643 ensem:
758 2644 762 2651 ,
809 2573 857 2667 195³
963 2620 966 2629 ι

117 2665 168 2733 lpse
188 2664 231 2717 sui
250 2663 321 2717 Dido
340 2663 445 2713 concidit
461 2662 502 2714 usa
521 2680 607 2717 manu.v
