2034 3709
109 257 266 325 Lmen
290 218 357 317 Ill.
385 248 572 313 EtuGtA
600 236 670 305 IH.
701 252 773 329 175

60 378 109 430 Pes
123 388 175 427 erat
189 374 293 440 exiguus
311 366 402 434 tpedis
420 362 453 413 est
469 358 592 426 aptissima
608 356 696 407 forma·

100 453 180 517 ionga
198 448 336 510 decensque
352 440 417 491 luit:
434 438 507 503 longa
520 433 660 494 decensque
673 436 765 477 manet·

63 526 169 593 Argutos
186 519 290 576 habuit,
307 515 402 566 radiant
417 522 444 561 ut
462 508 547 567 siclus,
563 505 677 561 ocello&

101 600 145 647 Per
161 611 221 663 quos
239 590 339 641 mentita
354 588 386 638 est
402 582 493 651 perfida
510 580 574 644 faepe
588 576 655 627 rnilu'.
786 582 819 620 ιο

65 674 164 723 Scilicet
181 664 277 721 aeterni>
294 663 377 715 falsum
395 660 475 726 jurare
492 653 580 721 puellis
613 654 624 683 '

101 745 134 795 Di
149 758 246 810 quoque
262 736 422 792 concedunt;
438 732 564 794 formaque
579 739 670 774 neuneu
684 718 767 771 hebet·

65 819 159 885 Perque
177 816 232 866 suos
247 813 312 864 illam
327 824 403 875 nuper
418 802 504 873 juralle
522 798 659 855 recordor,

22 907 32 929 t
102 892 196 958 Perque
212 903 280 937 meos
298 884 404 939 oculos;
423 880 448 929 ἃ
465 876 566 925 doluere
582 871 641 920 mei.

67 966 169 1023 Dicite,
188 960 244 1019 Di3
262 961 282 1010 si
299 973 345 1007 vos
360 956 456 1021 impune
473 946 591 1000 fefellerit
606 945 646 995 illa
655 974 666 1003 ‚
790 948 801 984 1
807 948 820 997 ς

104 1036 214 1089 Alterius
229 1033 321 1083 meritis
339 1046 382 1080 cur
396 1044 443 1093 ego
460 1024 544 1072 damna
557 1016 626 1068 tuli?

69 1112 102 1163 At
117 1128 167 1161 non
184 1108 277 1159 invidiae
293 1104 363 1156 vobis
380 1096 492 1165 Cepheia
508 1094 579 1161 virgo
596 1089 649 1147 est,

104 1186 151 1249 Pro
168 1184 230 1232 male
246 1177 354 1236 formosi
369 1172 427 1241 julla
443 1180 544 1238 parente
562 1162 633 1215 mori.

70 1254 126 1310 Non
141 1258 196 1307 latis
212 1254 264 1312 ell,
282 1252 347 1319 quod
362 1264 407 1299 vos
422 1243 495 1295 habui
512 1241 565 1290 sine
580 1233 690 1304 pondere
704 1227 796 1284 testea,

106 1334 137 1383 Et
151 1345 247 1381 mecum
263 1328 327 1377 lusos
343 1322 406 1373 ridet
423 1318 500 1370 inulta
515 1314 596 1364 Deos.
791 1313 825 1349 20

71 1408 108 1472 Ut
120 1406 159 1455 sua
176 1420 221 1470 per
236 1400 338 1451 nostram
355 1395 456 1448 redimet
472 1386 578 1457 perjuria
595 1397 710 1451 poenam,

105 1478 210 1532 victima
229 1476 345 1540 deceptus
363 1465 505 1535 decipientis
524 1455 591 1511 eto?

72 1553 120 1605 Aut
136 1553 188 1603 sine
203 1566 230 1600 te
246 1562 334 1597 nornen
350 1544 420 1593 Deus
436 1538 469 1589 est
478 1571 488 1594 ,
504 1532 636 1597 lrullraque
651 1528 771 1581 timetur;

108 1628 139 1677 Et
154 1622 225 1674 stulti
238 1622 345 1693 populos
365 1612 510 1666 credulitate
528 1618 622 1656 movet.
740 1611 755 1621 ”

74 1700 122 1750 Aut
134 1733 143 1760 ,
163 1696 248 1765 siquis
259 1696 329 1745 Dens
346 1688 379 1740 eli
391 1722 398 1747 ‚
417 1698 514 1737 teneres
529 1690 592 1733 arunt
602 1677 643 1728 ille
660 1670 752 1741 puellas
762 1664 782 1727 ς’
792 1679 825 1728 25

108 1774 140 1823 Et
156 1768 255 1821 nimium
273 1767 334 1815 solas
353 1761 431 1813 omnia
449 1754 514 1825 polle
530 1753 610 1821 jubet.

74 1848 150 1899 Nobis
165 1844 264 1897 fatifero
281 1839 382 1891 Mavors
399 1830 533 1897 accingitur
551 1824 627 1875 ense:

110 1922 163 1970 Nos
182 1917 243 1985 petit
258 1911 346 1963 inviae
364 1904 465 1959 Palladis
481 1899 546 1951 halla
561 1911 643 1947 manu.

75 1994 152 2046 Nobis
166 1990 288 2057 flexibiles
303 1994 434 2035 curvantur
449 1972 570 2043 Apollinis
586 1980 676 2017 arcus:

19 2070 20 2075 ’
111 2069 139 2117 ln
156 2082 201 2115 nos
218 2064 265 2113 alta
282 2058 351 2113 Jovis
367 2056 467 2123 deutera
484 2048 577 2097 fulmen
590 2041 672 2090 habet.
797 2041 831 2095 30

77 2139 202 2193 Formosas
218 2134 304 2203 Superi
319 2138 430 2183 metuunt
448 2119 574 2175 offendere
590 2113 661 2164 laesi:

113 2216 197 2279 Atque
211 2210 295 2266 ultro,
314 2221 368 2273 quae
382 2202 405 2252 se
422 2214 472 2248 non
486 2195 609 2247 timuere,
627 2184 724 2234 timent.

79 2289 108 2339 Et
124 2287 249 2355 quisquam
267 2281 375 2347 pletura
392 2272 453 2325 focis
469 2270 593 2333 imponere
613 2252 707 2309 curet?

116 2358 193 2411 Certe
209 2358 263 2423 plus
282 2352 353 2403 animi
370 2348 443 2401 debet
460 2340 532 2393 inelle
547 2335 615 2388 viris.
771 2336 774 2340 “

79 2434 191 2502 Iuppiter
207 2431 263 2497 igne
279 2427 321 2477 suo
337 2426 406 2475 lucos
422 2416 541 2486 jaculatur
559 2411 584 2463 δι
600 2419 669 2459 arces
679 2418 690 2461 ς
800 2406 833 2459 35

115 2504 234 2571 Missaque
251 2499 361 2569 perjuras
377 2495 428 2545 tela
444 2489 517 2541 ferire
534 2494 611 2534 vetat.

81 2584 132 2633 Tot
148 2590 261 2637 meruere
277 2572 327 2641 peti
340 2588 347 2623 t
363 2566 460 2619 Semele
476 2555 614 2613 miserabilis
631 2548 709 2601 arfrtt

116 2652 209 2705 Officio
227 2648 261 2699 est
276 2647 313 2697 illi
329 2658 401 2713 poena
417 2646 513 2703 reperta
530 2630 583 2681 luo.

82 2730 114 2782 At
132 2728 152 2777 si
163 2735 274 2795 uenturo
291 2719 315 2769 se
333 2710 476 2779 ltibduxillet
493 2702 601 2761 amanti,

117 2803 175 2851 Non
192 2808 264 2863 pater
281 2793 306 2845 in
322 2790 420 2843 Baccho
436 2784 517 2833 matris
535 2778 639 2828 haberet
656 2780 728 2820 onus.
758 2835 762 2845 ι
801 2770 838 2818 4ο

83 2875 148 2941 Quid
163 2864 278 2939 queror-²
297 2865 324 2917 δι
340 2862 388 2915 toti
401 2858 466 2911 facio
483 2850 594 2908 convicia
611 2838 697 2895 coelo?

118 2946 263 3017 Dl'quoque
274 2939 364 2991 habent
376 2934 460 2989 oeulos
473 2945 480 2982 ι
493 2926 528 2981 Dl
538 2934 634 2993 quoque
645 2911 727 2985 pene
737 2906 839 2958 habent.

686 3002 712 3054 H
726 3003 750 3051 iu
