2034 3709
192 237 471 310 Hanotnas.
498 239 577 309 Ea.
600 239 707 310 XVI.
759 243 805 316 81

92 356 148 420 Tot
158 357 224 424 prius
235 359 341 411 abductis
354 393 362 419 ‚
379 377 462 426 ecquae
473 361 578 426 repetita
586 377 631 426 per
640 378 704 412 arma
715 362 772 415 est?

132 427 214 482 Crede
226 434 302 490 mihi,
318 449 395 484 vanos
409 451 448 484 res
461 434 535 483 habet
548 433 588 484 ista
599 448 688 485 metus.

94 503 203 560 Nomine
217 519 336 572 ceperunt
347 507 476 573 Aquilonis
486 508 633 559 Erechthida
643 509 752 562 nunes
763 524 773 562 t

132 577 165 627 Et
180 589 233 628 tuta
249 597 262 628 a
279 581 346 630 bello
356 579 457 631 Bistonis
474 597 517 630 ora
531 581 588 632 fuit.

95 649 199 702 Phasida
212 669 292 721 puppe
308 653 373 703 nord
388 654 456 704 vexit
470 653 595 721 Pagasaeus
610 654 701 709 lasona
818 667 870 724 345

132 723 198 776 Laesa
212 743 258 776 nec
269 726 303 777 est
313 727 409 777 Colchi
418 726 529 778 Thessala
539 739 605 777 terra
616 746 698 780 rnanu.

82 796 135 852 ‘Te
147 815 245 866 quoque
256 800 297 867 qui
309 801 407 866 rapuit,
427 801 506 866 rapuit
519 800 633 852 Minoida
643 803 754 855 Theseus
766 819 776 857 τ

132 873 206 921 Nulla
221 885 302 922 tamen
312 874 395 924 Minos
406 873 494 923 Cretas
507 873 538 922 ad
546 891 611 924 arma
624 889 707 928 vocat.

94 944 192 998 Terror
206 945 230 994 in
243 947 279 996 his
292 947 345 1011 ipso
359 947 436 1014 rnajor
450 946 512 997 solet
526 946 574 996 eise
588 949 701 1014 periclo:

135 1017 247 1085 Quaeque
264 1021 350 1070 timere
365 1021 441 1079 hbet,
460 1019 607 1086 pertimuiffe
621 1023 706 1087 pudet.
818 1037 872 1092 350

96 1091 174 1159 Pinge
188 1105 287 1153 tamen,
305 1094 325 1144 si
340 1094 396 1153 vis,
412 1093 497 1161 ingens
512 1094 657 1161 consurgere
671 1097 781 1149 beilumt

133 1163 168 1218 Et
180 1167 238 1216 mihi
253 1166 306 1220 sunt
320 1167 404 1226 vires,
424 1168 449 1218 dc
465 1183 519 1216 mea
531 1169 584 1217 tela
597 1181 698 1220 nocent.

95 1239 153 1289 Nec
168 1239 247 1290 minor
262 1239 296 1290 est
310 1240 395 1298 Asia,
414 1243 484 1307 quina
499 1239 584 1290 vestr-e
601 1241 672 1307 copia
685 1255 778 1294 terraer

135 1313 179 1362 illa
195 1313 256 1364 viris
269 1313 357 1373 dives,
378 1313 444 1364 dives
462 1314 568 1364 abundat
583 1316 659 1382 equis.

95 1385 153 1436 Nec
167 1387 220 1451 plur
232 1386 332 1436 Atrides
349 1387 420 1436 animi
436 1387 566 1437 Menelaiu
580 1387 699 1448 habebit,
817 1401 831 1457 3
837 1404 870 1456 55

135 1458 216 1524 Qudne
231 1459 296 1510 Paris
308 1476 317 1520 3
332 1472 374 1510 aut
390 1459 459 1510 armis
474 1459 646 1512 anteferendus
660 1463 718 1513 erit.

87 1531 171 1583 :Paene
185 1549 246 1599 puer
260 1533 327 1586 caesia
342 1533 442 1584 abducta
457 1547 565 1584 armenta
578 1535 667 1601 recepi

134 1605 267 1667 Hostibus;
287 1608 313 1659 δι
328 1607 421 1657 causant
436 1606 538 1657 nominis
554 1608 609 1656 inde
625 1608 682 1660 tuli.

97 1677 170 1730 Paene
186 1697 247 1748 puer
261 1681 329 1730 vario
343 1679 444 1747 juvenes
460 1680 591 1730 certamine
604 1681 673 1740 vici,

135 1754 164 1803 ln
178 1755 267 1822 quibus
279 1755 408 1813 llioneusv¹
426 1753 621 1820 Deiphobusque
634 1754 691 1804 fuit.
821 1756 877 1822 3⁶⁰

96 1827 170 1878 Neve
185 1840 256 1895 puter
268 1859 277 1888 ‚
293 1845 344 1878 non
354 1845 392 1878 me
404 1827 448 1878 nisi
460 1826 569 1878 cominus
582 1826 629 1877 eise
639 1828 771 1879 timendum
782 1845 794 1882 a

136 1901 228 1969 figitur
241 1901 265 1952 in
278 1900 339 1966 juffo
354 1900 432 1952 nostra
446 1900 531 1969 sagitta
546 1902 615 1951 loco.

98 1973 166 2024 Num
176 1987 247 2041 poter
257 1975 310 2024 haec
320 1975 354 2024 iili
365 1975 446 2042 primae
461 1975 520 2026 dare
536 1973 596 2024 iada
610 1972 717 2040 juvente
728 1971 744 2024 ἒ

136 2046 255 2104 Instruere
268 2048 372 2099 Atriden
385 2065 443 2098 nurn
456 2060 529 2114 potes
544 2058 597 2096 arte
612 2045 690 2096 med?

99 2121 190 2172 Omnia
201 2121 221 2172 si
231 2121 344 2180 dederis,
362 2120 476 2187 numquid
485 2121 552 2170 dabis
561 2119 668 2170 neum
679 2117 801 2172 fratrem?
820 2119 853 2187 36
857 2137 873 2188 ς

137 2195 208 2246 Unus
222 2194 242 2244 ic
257 2194 375 2244 innumeri
386 2194 468 2246 militis
482 2193 553 2243 instar
567 2194 650 2243 habet.

100 2267 169 2333 Quid
181 2268 295 2327 valeant,
312 2268 389 2318 nescis
404 2283 412 2318 t
430 2268 456 2318 δι
470 2279 497 2317 te
511 2283 565 2318 mea
579 2267 669 2318 robora
683 2267 780 2320 faliunt.

137 2338 257 2409 ignoras,
276 2341 318 2390 cui
329 2341 363 2392 sis
377 2353 451 2408 nupta
467 2340 547 2391 futura
563 2340 628 2392 viro.

100 2415 153 2466 Ant
166 2414 239 2482 igitur
252 2416 320 2464 nullo
333 2415 394 2464 belli
404 2415 518 2480 repetdre
531 2416 656 2473 tumultu,

139 2488 191 2538 Aut
206 2488 295 2538 cedent
311 2487 386 2540 Marti
402 2486 495 2537 Dorica
511 2487 584 2537 eastra
599 2503 666 2537 meo.
822 2500 876 2553 370

100 2563 159 2613 Nec
174 2573 257 2612 tamen
269 2561 378 2628 indigner
393 2576 439 2627 pro
452 2567 519 2609 tanta
534 2559 626 2610 sumne
640 2560 730 2611 ferrum

85 2664 88 2670 ·
139 2633 253 2702 Coniuge
268 2650 277 2685 ε
293 2645 415 2684 certamen
429 2633 526 2699 praemia
541 2649 626 2700 inagna
640 2647 751 2685 movent.

100 2708 144 2760 Tu
157 2724 273 2774 quoque,
289 2708 309 2758 si
325 2706 357 2757 de
371 2719 397 2758 te
412 2719 478 2757 totus
493 2706 648 2756 contenderit
662 2708 726 2758 orbis
739 2737 751 2765 v

140 2783 239 2832 Nomen
255 2782 285 2830 ab
301 2791 392 2830 eterna
408 2779 549 2846 posteritate
566 2780 651 2831 feres.⁴

104 2856 154 2922 Spe
168 2853 243 2906 modd
257 2869 306 2904 non
320 2853 421 2912 timidi,
435 2852 481 2904 Dis
496 2853 553 2903 hinc
568 2851 660 2918 egred'a
673 2850 803 2912 secundia,
825 2867 857 2920 37
862 2866 875 2918 5

141 2927 219 3001 Erige
234 2925 375 2995 conpleri
389 2941 490 2982 numen
503 2925 571 2994 peda
583 2924 647 2978 fide.
689 2960 693 2966 ·
841 2925 847 2932 ⁴

715 2997 770 3052 Dc
841 2969 859 3070 .'
