2034 3709
202 257 252 310 12
299 238 342 307 P.
366 237 552 311 Orion
576 240 802 311 Nasonis

198 358 248 407 Res
260 356 340 409 audita
349 359 422 416 mihi,
436 371 494 409 nota
504 358 538 409 est
548 358 591 409 tibi
601 374 609 411 a
620 361 731 413 fratribus
741 364 801 412 orba

235 431 348 482 Devovit
358 432 408 481 nati
421 432 533 498 spemque
545 445 665 499 caputque
675 452 771 500 parens.

152 507 169 560 9
173 509 186 559 5
199 506 295 555 Bellum
308 518 361 554 etat
371 522 379 555 z
390 505 432 555 ille
444 505 514 555 serox
528 506 613 570 positis
628 506 726 559 secessit
740 510 770 557 ab
782 505 874 567 urnis,

235 578 267 627 Et
280 580 364 643 patriae
378 577 455 645 rigidi
467 590 551 627 ruente
565 580 665 645 negavit
680 597 761 647 opens.

199 651 258 701 Sola
269 652 348 700 virum
362 650 453 715 conjux
467 651 545 701 flexit.
557 652 662 701 Felicior
675 654 732 703 illa!

234 725 270 775 At
282 741 336 773 mea
350 742 395 791 pro
412 725 419 772 ἔ
437 725 504 773 nullo
519 725 627 790 pondere
641 728 715 775 verba
726 726 825 777 cadunt.

198 798 254 847 Nec
264 809 345 849 nmen
353 798 464 865 indignor
476 814 483 847 ε
495 814 542 847 nec
553 813 592 847 me
602 815 647 864 pro
657 798 761 866 conjuge
772 800 854 867 gessi,

134 878 185 915 too
235 871 325 937 Saepius
338 872 364 920 in
378 871 468 921 domini
482 871 550 921 serva
563 882 650 921 vocata
663 883 753 922 torum.

197 944 244 995 Me
255 945 364 1012 quaedam
373 943 501 1002 ,meniini,
516 944 635 993 dominam
646 946 738 1010 captiva
746 947 873 999 vocabat:

232 1017 355 1077 Servitio,
373 1018 441 1075 dixi,
455 1016 559 1067 nominis
572 1018 642 1067 addis
653 1034 723 1070 onus.

198 1090 246 1141 Per
255 1104 337 1141 tamen
347 1090 395 1141 ossa
405 1090 464 1149 viri,
479 1090 557 1139 subito
568 1092 629 1140 male
639 1091 702 1141 testa
712 1092 841 1163 sepulcro,

232 1164 334 1231 Semper
346 1164 443 1230 judiciis
457 1162 506 1214 offa
520 1163 627 1214 verenda
641 1166 723 1223 mein

134 1246 185 1299 105
196 1237 292 1306 Perque
302 1239 374 1288 trium
384 1238 463 1288 sortes
472 1237 562 1287 animas
569 1268 579 1295 ,
587 1253 641 1286 mea
650 1238 760 1298 numina,
770 1238 871 1289 fratrum
879 1274 892 1300 ,

234 1311 286 1376 Qui
298 1313 362 1361 hene
374 1328 419 1376 pro
433 1310 529 1377 patria,
544 1326 598 1359 curn
610 1311 751 1377 patriaque,
765 1310 848 1375 jacent
859 1330 871 1370 ;

196 1382 292 1451 Perque
303 1396 370 1434 tuum
380 1383 531 1450 nostrumque
542 1396 634 1449 caput,
645 1400 699 1449 quae
707 1382 829 1449 junximus
841 1388 913 1445 uni5

233 1456 327 1524 Perque
337 1470 394 1507 tuos
406 1457 473 1507 enses
483 1490 492 1515 ,
502 1457 601 1524 cognita
611 1458 660 1508 tela
670 1459 728 1507 meis
739 1475 749 1515 a
828 1485 831 1490 ·

195 1530 270 1580 Nulla
282 1532 439 1598 Mycenaeum
449 1528 545 1580 sociasse
558 1529 645 1579 cubilia
656 1546 751 1581 mecum

131 1620 184 1658 110
233 1603 293 1654 Juro
309 1620 317 1655 z
333 1604 457 1654 salientem
469 1602 595 1654 deseruisse
607 1603 683 1655 velis.

195 1676 223 1729 si
236 1678 280 1727 tibi
296 1694 359 1727 nunc
376 1678 452 1727 dicun
467 1694 477 1735 ς
494 1676 651 1736 fortissime,
665 1688 692 1727 tu
703 1691 800 1743 quoque
813 1676 868 1744 jura

231 1752 306 1801 Nulla
319 1751 365 1801 tibi
377 1751 430 1801 siue
441 1766 480 1800 me
493 1748 579 1817 gaudie
590 1749 649 1799 faeta
658 1766 669 1807 t
684 1766 768 1817 neges.

194 1822 229 1875 At
241 1824 324 1873 Danai
337 1837 437 1875 maerere
449 1835 555 1890 putant:
567 1821 611 1871 tibi
623 1822 710 1889 plecira
725 1834 855 1875 moventur
865 1839 877 1877 t

231 1896 272 1947 Te
284 1910 355 1947 tenet
368 1898 395 1946 in
406 1896 491 1963 tepido
504 1896 584 1947 mollis
598 1896 674 1946 antica
687 1897 749 1947 sinu.

132 1978 180 2030 115
194 1968 226 2019 Et
240 1971 261 2020 si
274 1972 327 2038 quis
342 1982 451 2037 quaerat,
465 1986 539 2035 qum
551 1985 659 2036 pugnare
669 1972 785 2021 recuses:

231 2042 315 2112 Pugna
324 2057 399 2095 nocet
411 2060 419 2093 t
431 2044 543 2101 citharae,
555 2058 654 2109 voxque
664 2042 798 2109 Venusque
806 2042 910 2111 juvant.

192 2116 284 2167 Tutius
293 2118 326 2167 est
335 2115 430 2184 jacuisse
441 2129 513 2174 toro,
524 2114 624 2167 tenuisse
635 2116 757 2182 puellam,

230 2190 371 2240 Threiciam
384 2190 463 2258 digitis
476 2187 618 2255 increpuisse
628 2190 719 2255 lyrarn,

193 2262 274 2327 Quin
288 2264 397 2314 manibus
407 2264 522 2330 clypeos,
536 2262 561 2312 &
572 2275 648 2311 acutae
660 2261 762 2328 cuspidis
772 2262 878 2323 hastam,

129 2353 181 2391 120
229 2336 260 2386 Et
273 2338 364 2404 galeam
376 2336 459 2403 pressi
468 2334 596 2385 sustinuisse
604 2335 682 2385 comt.

193 2409 242 2460 Sed
253 2410 297 2459 tibi
307 2426 352 2475 pro
366 2409 425 2459 tutis
437 2408 538 2475 insignia
552 2408 612 2477 fasta
628 2408 755 2475 placebant
766 2425 776 2467 3

230 2481 349 2549 Partaque
361 2482 477 2532 bellando.
487 2480 564 2549 gloria
576 2482 653 2532 dulcis
666 2494 727 2531 erat.

193 2556 233 2607 Au
245 2568 355 2614 tantum,
366 2556 421 2605 dum
431 2571 470 2604 me
482 2571 597 2621 caperes,
608 2554 659 2604 sera
669 2556 732 2604 bella
743 2552 889 2621 probabas?¹

229 2628 338 2695 Cumque
349 2629 402 2677 mei
411 2627 487 2693 patrii
495 2628 547 2677 laus
557 2640 598 2677 tua
608 2627 670 2677 vista
680 2626 765 2693 jacet?

129 2709 142 2748 r
148 2712 179 2762 25
192 2702 227 2753 Di
237 2703 322 2754 melius
337 2719 343 2752 τ
358 2701 486 2767 validoque
496 2734 506 2759 ,
516 2717 619 2767 precor,
631 2701 722 2751 vibrata
732 2702 831 2755 lacerto

229 2775 347 2826 Transeat
359 2774 507 2825 Hestoreum
520 2773 597 2827 Pelias
605 2774 668 2823 l*assa
680 2776 751 2825 latus.

191 2848 286 2900 Mittite
298 2866 351 2907 me,
363 2847 446 2897 Danai
457 2865 466 2907 3
479 2847 599 2897 dominum
610 2848 690 2915 legata
701 2850 812 2915 rogabo:

228 2922 356 2992 Multaque
366 2921 482 2976 mandatis
493 2922 573 2975 oscula
584 2920 658 2974 mixta
667 2922 755 2997 seram,¹
