<?xml version="1.0" encoding="UTF-8"?>
<!DOCTYPE html PUBLIC "-//W3C//DTD XHTML 1.0 Transitional//EN"
    "http://www.w3.org/TR/xhtml1/DTD/xhtml1-transitional.dtd">
<html xmlns="http://www.w3.org/1999/xhtml" xml:lang="en" lang="en">
 <head>
  <title>
</title>
<meta http-equiv="Content-Type" content="text/html;charset=utf-8" />
  <meta name='ocr-system' content='tesseract 3.04.00' />
  <meta name='ocr-capabilities' content='ocr_page ocr_carea ocr_par ocr_line ocrx_word'/>
</head>
<body>
  <div class='ocr_page' id='page_1' title='image "./povidiinasoniso07ovidgoog_0129.png"; bbox 0 0 2034 3709; ppageno 0'>
   <div class='ocr_carea' id='block_1_1' title="bbox 171 207 792 334">
    <p class='ocr_par' dir='ltr' id='par_1_1' title="bbox 171 207 792 334">
     <span class='ocr_line' id='line_1_1' title="bbox 171 207 792 334; baseline 0.01 -30"><span class='ocrx_word' id='word_1_1' title='bbox 171 207 453 304; x_wconf 71' lang='lat' dir='ltr'>&#39;Hrrornru</span> <span class='ocrx_word' id='word_1_2' title='bbox 477 235 558 304; x_wconf 74' lang='grc' dir='ltr'>ΕΡ.</span> <span class='ocrx_word' id='word_1_3' title='bbox 584 235 681 309; x_wconf 85' lang='grc' dir='ltr'>ΧΧ.</span> <span class='ocrx_word' id='word_1_4' title='bbox 718 255 792 334; x_wconf 87' lang='lat'>105</span> 
     </span>
    </p>
   </div>
   <div class='ocr_carea' id='block_1_2' title="bbox 18 352 856 3051">
    <p class='ocr_par' dir='ltr' id='par_1_2' title="bbox 18 352 856 3051">
     <span class='ocr_line' id='line_1_2' title="bbox 78 352 754 421; baseline 0.006 -17"><span class='ocrx_word' id='word_1_5' title='bbox 78 352 159 405; x_wconf 75' lang='lat' dir='ltr'>&#39;restis</span> <span class='ocrx_word' id='word_1_6' title='bbox 178 355 205 406; x_wconf 78' lang='lat' dir='ltr'>dt</span> <span class='ocrx_word' id='word_1_7' title='bbox 220 353 341 412; x_wconf 76' lang='lat' dir='ltr'>Auaeon,</span> <span class='ocrx_word' id='word_1_8' title='bbox 363 354 483 421; x_wconf 85' lang='lat' dir='ltr'>quondam</span> <span class='ocrx_word' id='word_1_9' title='bbox 498 354 550 405; x_wconf 85' lang='lat' dir='ltr'>fera</span> <span class='ocrx_word' id='word_1_10' title='bbox 564 355 670 408; x_wconf 84' lang='lat' dir='ltr'>creditus</span> <span class='ocrx_word' id='word_1_11' title='bbox 688 357 754 418; x_wconf 84' lang='lat' dir='ltr'>illis,</span> 
     </span>
     <span class='ocr_line' id='line_1_3' title="bbox 114 427 664 494; baseline 0.005 -17"><span class='ocrx_word' id='word_1_12' title='bbox 114 427 168 494; x_wconf 84' lang='lat' dir='ltr'>lpfe</span> <span class='ocrx_word' id='word_1_13' title='bbox 186 427 254 477; x_wconf 85' lang='lat' dir='ltr'>dedit</span> <span class='ocrx_word' id='word_1_14' title='bbox 270 427 323 478; x_wconf 90' lang='lat' dir='ltr'>leto</span> <span class='ocrx_word' id='word_1_15' title='bbox 340 444 394 477; x_wconf 91' lang='lat' dir='ltr'>cum</span> <span class='ocrx_word' id='word_1_16' title='bbox 413 428 499 494; x_wconf 87' lang='lat' dir='ltr'>quibus</span> <span class='ocrx_word' id='word_1_17' title='bbox 518 427 664 480; x_wconf 85' lang='lat' dir='ltr'>anteferas.</span> 
     </span>
     <span class='ocr_line' id='line_1_4' title="bbox 79 499 851 572; baseline 0.009 -21"><span class='ocrx_word' id='word_1_18' title='bbox 79 499 193 567; x_wconf 75' lang='lat' dir='ltr'>Quaeque</span> <span class='ocrx_word' id='word_1_19' title='bbox 209 499 311 566; x_wconf 86' lang='lat' dir='ltr'>superba</span> <span class='ocrx_word' id='word_1_20' title='bbox 320 517 426 567; x_wconf 80' lang='lat' dir='ltr'>parens,</span> <span class='ocrx_word' id='word_1_21' title='bbox 442 501 498 551; x_wconf 83' lang='lat' dir='ltr'>faxo</span> <span class='ocrx_word' id='word_1_22' title='bbox 513 517 556 568; x_wconf 91' lang='lat' dir='ltr'>per</span> <span class='ocrx_word' id='word_1_23' title='bbox 571 518 659 568; x_wconf 87' lang='lat' dir='ltr'>corpus</span> <span class='ocrx_word' id='word_1_24' title='bbox 671 504 780 565; x_wconf 78' lang='lat' dir='ltr'>oborto,</span> <span class='ocrx_word' id='word_1_25' title='bbox 803 519 851 572; x_wconf 81' lang='lat'>105</span> 
     </span>
     <span class='ocr_line' id='line_1_5' title="bbox 115 572 753 643; baseline 0.008 -19"><span class='ocrx_word' id='word_1_26' title='bbox 115 572 189 624; x_wconf 83' lang='lat' dir='ltr'>Nunc</span> <span class='ocrx_word' id='word_1_27' title='bbox 206 591 304 640; x_wconf 86' lang='lat' dir='ltr'>quoque</span> <span class='ocrx_word' id='word_1_28' title='bbox 321 574 458 643; x_wconf 75' lang='lat' dir='ltr'>Mygdonia</span> <span class='ocrx_word' id='word_1_29' title='bbox 474 573 562 624; x_wconf 86' lang='lat' dir='ltr'>flebilis</span> <span class='ocrx_word' id='word_1_30' title='bbox 578 573 653 625; x_wconf 82' lang='lat' dir='ltr'>exstat</span> <span class='ocrx_word' id='word_1_31' title='bbox 669 577 753 631; x_wconf 88' lang='lat' dir='ltr'>humo.</span> 
     </span>
     <span class='ocr_line' id='line_1_6' title="bbox 79 645 743 714; baseline 0.006 -18"><span class='ocrx_word' id='word_1_32' title='bbox 79 645 127 697; x_wconf 84' lang='lat' dir='ltr'>liei</span> <span class='ocrx_word' id='word_1_33' title='bbox 143 647 205 698; x_wconf 90' lang='lat' dir='ltr'>mihi</span> <span class='ocrx_word' id='word_1_34' title='bbox 220 647 227 697; x_wconf 79' lang='lat' dir='ltr'>l</span> <span class='ocrx_word' id='word_1_35' title='bbox 244 646 377 714; x_wconf 82' lang='lat' dir='ltr'>Cydippe,</span> <span class='ocrx_word' id='word_1_36' title='bbox 393 648 468 698; x_wconf 83' lang='lat' dir='ltr'>timeo</span> <span class='ocrx_word' id='word_1_37' title='bbox 484 647 528 697; x_wconf 90' lang='lat' dir='ltr'>tibi</span> <span class='ocrx_word' id='word_1_38' title='bbox 543 646 625 698; x_wconf 84' lang='lat' dir='ltr'>dicere</span> <span class='ocrx_word' id='word_1_39' title='bbox 641 664 743 710; x_wconf 67' lang='lat' dir='ltr'>verume</span> 
     </span>
     <span class='ocr_line' id='line_1_7' title="bbox 115 721 632 772; baseline 0.002 -1"><span class='ocrx_word' id='word_1_40' title='bbox 115 722 156 771; x_wconf 86' lang='lat' dir='ltr'>Ne</span> <span class='ocrx_word' id='word_1_41' title='bbox 174 721 261 771; x_wconf 86' lang='lat' dir='ltr'>videar</span> <span class='ocrx_word' id='word_1_42' title='bbox 278 721 352 771; x_wconf 68' lang='lat' dir='ltr'>rausa</span> <span class='ocrx_word' id='word_1_43' title='bbox 365 721 423 771; x_wconf 85' lang='lat' dir='ltr'>falfa</span> <span class='ocrx_word' id='word_1_44' title='bbox 440 737 540 772; x_wconf 88' lang='lat' dir='ltr'>monere</span> <span class='ocrx_word' id='word_1_45' title='bbox 559 721 632 772; x_wconf 77' lang='lat' dir='ltr'>med:</span> 
     </span>
     <span class='ocr_line' id='line_1_8' title="bbox 78 793 817 868; baseline 0.005 -24"><span class='ocrx_word' id='word_1_46' title='bbox 78 793 221 844; x_wconf 82' lang='lat' dir='ltr'>Dicendum</span> <span class='ocrx_word' id='word_1_47' title='bbox 230 805 311 844; x_wconf 87' lang='lat' dir='ltr'>tamen</span> <span class='ocrx_word' id='word_1_48' title='bbox 320 793 354 844; x_wconf 82' lang='lat' dir='ltr'>est</span> <span class='ocrx_word' id='word_1_49' title='bbox 363 811 371 846; x_wconf 83' lang='lat' dir='ltr'>r</span> <span class='ocrx_word' id='word_1_50' title='bbox 381 793 439 845; x_wconf 85' lang='lat' dir='ltr'>Hoc</span> <span class='ocrx_word' id='word_1_51' title='bbox 449 793 498 852; x_wconf 86' lang='lat' dir='ltr'>est,</span> <span class='ocrx_word' id='word_1_52' title='bbox 510 793 665 855; x_wconf 87' lang='lat' dir='ltr'>mihicrede,</span> <span class='ocrx_word' id='word_1_53' title='bbox 677 797 743 864; x_wconf 91' lang='lat' dir='ltr'>quod</span> <span class='ocrx_word' id='word_1_54' title='bbox 754 814 817 868; x_wconf 75' lang='lat' dir='ltr'>egra</span> 
     </span>
     <span class='ocr_line' id='line_1_9' title="bbox 113 865 854 934; baseline 0.012 -18"><span class='ocrx_word' id='word_1_55' title='bbox 113 865 170 933; x_wconf 86' lang='lat' dir='ltr'>lpfo</span> <span class='ocrx_word' id='word_1_56' title='bbox 189 867 296 918; x_wconf 89' lang='lat' dir='ltr'>nubendi</span> <span class='ocrx_word' id='word_1_57' title='bbox 313 879 426 934; x_wconf 80' lang='lat' dir='ltr'>tempore</span> <span class='ocrx_word' id='word_1_58' title='bbox 443 867 506 934; x_wconf 73' lang='lat' dir='ltr'>sepe</span> <span class='ocrx_word' id='word_1_59' title='bbox 524 867 602 934; x_wconf 84' lang='lat' dir='ltr'>jaces.</span> <span class='ocrx_word' id='word_1_60' title='bbox 804 885 854 925; x_wconf 82' lang='lat'>110</span> 
     </span>
     <span class='ocr_line' id='line_1_10' title="bbox 79 940 717 1007; baseline 0.006 -17"><span class='ocrx_word' id='word_1_61' title='bbox 79 940 191 992; x_wconf 85' lang='lat' dir='ltr'>Consulit</span> <span class='ocrx_word' id='word_1_62' title='bbox 206 940 255 1007; x_wconf 85' lang='lat' dir='ltr'>ipsa</span> <span class='ocrx_word' id='word_1_63' title='bbox 270 941 336 991; x_wconf 85' lang='lat' dir='ltr'>tibi:</span> <span class='ocrx_word' id='word_1_64' title='bbox 354 958 402 991; x_wconf 94' lang='lat' dir='ltr'>neu</span> <span class='ocrx_word' id='word_1_65' title='bbox 419 941 451 992; x_wconf 84' lang='lat' dir='ltr'>sis</span> <span class='ocrx_word' id='word_1_66' title='bbox 467 940 584 1007; x_wconf 88' lang='lat' dir='ltr'>perjura,</span> <span class='ocrx_word' id='word_1_67' title='bbox 602 941 717 1004; x_wconf 58' lang='lat' dir='ltr'>laborem</span> 
     </span>
     <span class='ocr_line' id='line_1_11' title="bbox 115 1012 799 1080; baseline 0.004 -18"><span class='ocrx_word' id='word_1_68' title='bbox 115 1013 148 1062; x_wconf 89' lang='lat' dir='ltr'>Et</span> <span class='ocrx_word' id='word_1_69' title='bbox 165 1013 254 1063; x_wconf 86' lang='lat' dir='ltr'>salvam</span> <span class='ocrx_word' id='word_1_70' title='bbox 271 1013 334 1065; x_wconf 70' lang='lat' dir='ltr'>falvi</span> <span class='ocrx_word' id='word_1_71' title='bbox 347 1027 372 1065; x_wconf 90' lang='lat' dir='ltr'>te</span> <span class='ocrx_word' id='word_1_72' title='bbox 391 1014 458 1080; x_wconf 88' lang='lat' dir='ltr'>eupit</span> <span class='ocrx_word' id='word_1_73' title='bbox 472 1013 520 1064; x_wconf 78' lang='lat' dir='ltr'>else</span> <span class='ocrx_word' id='word_1_74' title='bbox 536 1012 594 1065; x_wconf 87' lang='lat' dir='ltr'>lide.</span> <span class='ocrx_word' id='word_1_75' title='bbox 629 1013 632 1022; x_wconf 83' lang='grc'><em>“</em></span> <span class='ocrx_word' id='word_1_76' title='bbox 794 1017 799 1022; x_wconf 90' lang='grc'><em>“</em></span> 
     </span>
     <span class='ocr_line' id='line_1_12' title="bbox 78 1085 726 1155; baseline 0.009 -20"><span class='ocrx_word' id='word_1_77' title='bbox 78 1087 138 1136; x_wconf 89' lang='lat' dir='ltr'>lude</span> <span class='ocrx_word' id='word_1_78' title='bbox 154 1085 202 1146; x_wconf 85' lang='lat' dir='ltr'>fit,</span> <span class='ocrx_word' id='word_1_79' title='bbox 219 1099 263 1148; x_wconf 88' lang='lat' dir='ltr'>ut,</span> <span class='ocrx_word' id='word_1_80' title='bbox 282 1087 378 1155; x_wconf 80' lang='lat' dir='ltr'>quoties</span> <span class='ocrx_word' id='word_1_81' title='bbox 392 1087 506 1140; x_wconf 75' lang='lat' dir='ltr'>exsistere</span> <span class='ocrx_word' id='word_1_82' title='bbox 521 1085 612 1154; x_wconf 85' lang='lat' dir='ltr'>perfida</span> <span class='ocrx_word' id='word_1_83' title='bbox 627 1099 726 1150; x_wconf 86' lang='lat' dir='ltr'>tentas,</span> 
     </span>
     <span class='ocr_line' id='line_1_13' title="bbox 113 1159 607 1228; baseline 0 -18"><span class='ocrx_word' id='word_1_84' title='bbox 113 1159 245 1211; x_wconf 77' lang='lat' dir='ltr'><strong>Peccatum</strong></span> <span class='ocrx_word' id='word_1_85' title='bbox 261 1161 336 1212; x_wconf 83' lang='lat' dir='ltr'>toties</span> <span class='ocrx_word' id='word_1_86' title='bbox 352 1161 457 1228; x_wconf 76' lang='lat' dir='ltr'>corrigat</span> <span class='ocrx_word' id='word_1_87' title='bbox 473 1161 516 1210; x_wconf 81' lang='lat' dir='ltr'>illa</span> <span class='ocrx_word' id='word_1_88' title='bbox 531 1172 607 1211; x_wconf 87' lang='lat' dir='ltr'>tuum.</span> 
     </span>
     <span class='ocr_line' id='line_1_14' title="bbox 80 1232 849 1303; baseline 0.007 -20"><span class='ocrx_word' id='word_1_89' title='bbox 80 1232 154 1283; x_wconf 81' lang='lat' dir='ltr'><strong>Parce</strong></span> <span class='ocrx_word' id='word_1_90' title='bbox 169 1250 271 1285; x_wconf 83' lang='lat' dir='ltr'>movere</span> <span class='ocrx_word' id='word_1_91' title='bbox 285 1236 352 1286; x_wconf 85' lang='lat' dir='ltr'>feros</span> <span class='ocrx_word' id='word_1_92' title='bbox 364 1235 477 1286; x_wconf 69' lang='lat' dir='ltr'>animose</span> <span class='ocrx_word' id='word_1_93' title='bbox 491 1233 601 1303; x_wconf 83' lang='lat' dir='ltr'>Virginis</span> <span class='ocrx_word' id='word_1_94' title='bbox 617 1249 705 1286; x_wconf 83' lang='lat' dir='ltr'>arcus:</span> <span class='ocrx_word' id='word_1_95' title='bbox 801 1250 849 1302; x_wconf 81' lang='lat'>¹15</span> 
     </span>
     <span class='ocr_line' id='line_1_15' title="bbox 113 1305 846 1378; baseline 0 -20"><span class='ocrx_word' id='word_1_96' title='bbox 113 1305 185 1358; x_wconf 82' lang='lat' dir='ltr'>Mitis</span> <span class='ocrx_word' id='word_1_97' title='bbox 200 1308 278 1358; x_wconf 87' lang='lat' dir='ltr'>adhuc</span> <span class='ocrx_word' id='word_1_98' title='bbox 297 1306 371 1368; x_wconf 86' lang='lat' dir='ltr'>fieri,</span> <span class='ocrx_word' id='word_1_99' title='bbox 390 1307 411 1358; x_wconf 85' lang='lat' dir='ltr'>si</span> <span class='ocrx_word' id='word_1_100' title='bbox 426 1308 518 1374; x_wconf 84' lang='lat' dir='ltr'>patiare</span> <span class='ocrx_word' id='word_1_101' title='bbox 531 1340 539 1368; x_wconf 84' lang='lat'>‚</span> <span class='ocrx_word' id='word_1_102' title='bbox 555 1305 643 1374; x_wconf 86' lang='lat' dir='ltr'>potest.</span> <span class='ocrx_word' id='word_1_103' title='bbox 843 1371 846 1378; x_wconf 23' lang='lat' dir='ltr'><em>r</em></span> 
     </span>
     <span class='ocr_line' id='line_1_16' title="bbox 81 1377 797 1448; baseline 0.004 -19"><span class='ocrx_word' id='word_1_104' title='bbox 81 1377 175 1440; x_wconf 82' lang='lat' dir='ltr'>Parce,</span> <span class='ocrx_word' id='word_1_105' title='bbox 193 1397 302 1448; x_wconf 84' lang='lat' dir='ltr'>precor,</span> <span class='ocrx_word' id='word_1_106' title='bbox 318 1394 417 1433; x_wconf 88' lang='lat' dir='ltr'>teneros</span> <span class='ocrx_word' id='word_1_107' title='bbox 429 1397 584 1448; x_wconf 86' lang='lat' dir='ltr'>corrumpere</span> <span class='ocrx_word' id='word_1_108' title='bbox 595 1381 700 1433; x_wconf 80' lang='lat' dir='ltr'>febribus</span> <span class='ocrx_word' id='word_1_109' title='bbox 711 1392 775 1432; x_wconf 83' lang='lat' dir='ltr'>artus</span> <span class='ocrx_word' id='word_1_110' title='bbox 787 1398 797 1448; x_wconf 71' lang='lat' dir='ltr'>e</span> 
     </span>
     <span class='ocr_line' id='line_1_17' title="bbox 114 1454 580 1506; baseline 0.006 -4"><span class='ocrx_word' id='word_1_111' title='bbox 114 1454 233 1504; x_wconf 83' lang='lat' dir='ltr'>Servetur</span> <span class='ocrx_word' id='word_1_112' title='bbox 249 1455 323 1506; x_wconf 81' lang='lat' dir='ltr'>facies</span> <span class='ocrx_word' id='word_1_113' title='bbox 339 1454 382 1504; x_wconf 84' lang='lat' dir='ltr'>illa</span> <span class='ocrx_word' id='word_1_114' title='bbox 397 1454 497 1506; x_wconf 76' lang='lat' dir='ltr'>fruenda</span> <span class='ocrx_word' id='word_1_115' title='bbox 514 1454 580 1506; x_wconf 85' lang='lat' dir='ltr'>mihi.</span> 
     </span>
     <span class='ocr_line' id='line_1_18' title="bbox 80 1527 654 1588; baseline 0.003 -12"><span class='ocrx_word' id='word_1_116' title='bbox 80 1527 214 1579; x_wconf 83' lang='lat' dir='ltr'>Serventur</span> <span class='ocrx_word' id='word_1_117' title='bbox 227 1530 309 1579; x_wconf 81' lang='lat' dir='ltr'>vultus</span> <span class='ocrx_word' id='word_1_118' title='bbox 322 1527 353 1578; x_wconf 76' lang='lat' dir='ltr'>ad</span> <span class='ocrx_word' id='word_1_119' title='bbox 366 1527 445 1580; x_wconf 76' lang='lat' dir='ltr'>nultra</span> <span class='ocrx_word' id='word_1_120' title='bbox 460 1527 654 1588; x_wconf 68' lang='lat' dir='ltr'>incendiunati,</span> 
     </span>
     <span class='ocr_line' id='line_1_19' title="bbox 114 1599 851 1667; baseline 0.003 -17"><span class='ocrx_word' id='word_1_121' title='bbox 114 1599 215 1667; x_wconf 85' lang='lat' dir='ltr'>Quique</span> <span class='ocrx_word' id='word_1_122' title='bbox 228 1601 304 1651; x_wconf 82' lang='lat' dir='ltr'>fubeli</span> <span class='ocrx_word' id='word_1_123' title='bbox 318 1601 391 1652; x_wconf 88' lang='lat' dir='ltr'>niveo</span> <span class='ocrx_word' id='word_1_124' title='bbox 405 1602 476 1653; x_wconf 82' lang='lat' dir='ltr'>laetus</span> <span class='ocrx_word' id='word_1_125' title='bbox 490 1603 516 1651; x_wconf 89' lang='lat' dir='ltr'>in</span> <span class='ocrx_word' id='word_1_126' title='bbox 529 1618 572 1651; x_wconf 90' lang='lat' dir='ltr'>ore</span> <span class='ocrx_word' id='word_1_127' title='bbox 589 1604 673 1652; x_wconf 87' lang='lat' dir='ltr'>rubor.</span> <span class='ocrx_word' id='word_1_128' title='bbox 800 1614 851 1654; x_wconf 81' lang='lat'>120</span> 
     </span>
     <span class='ocr_line' id='line_1_20' title="bbox 80 1673 724 1744; baseline 0.003 -22"><span class='ocrx_word' id='word_1_129' title='bbox 80 1673 193 1724; x_wconf 79' lang='lat' dir='ltr'>Hostibus</span> <span class='ocrx_word' id='word_1_130' title='bbox 210 1691 225 1724; x_wconf 91' lang='lat' dir='ltr'>e</span> <span class='ocrx_word' id='word_1_131' title='bbox 241 1675 262 1725; x_wconf 90' lang='lat' dir='ltr'>si</span> <span class='ocrx_word' id='word_1_132' title='bbox 277 1675 350 1741; x_wconf 84' lang='lat' dir='ltr'>quis,</span> <span class='ocrx_word' id='word_1_133' title='bbox 367 1691 399 1726; x_wconf 88' lang='lat' dir='ltr'>ne</span> <span class='ocrx_word' id='word_1_134' title='bbox 413 1673 456 1725; x_wconf 77' lang='lat' dir='ltr'>fies</span> <span class='ocrx_word' id='word_1_135' title='bbox 472 1673 569 1734; x_wconf 79' lang='lat' dir='ltr'>nostra,</span> <span class='ocrx_word' id='word_1_136' title='bbox 586 1686 724 1744; x_wconf 71' lang='lat' dir='ltr'>repugnatt</span> 
     </span>
     <span class='ocr_line' id='line_1_21' title="bbox 115 1745 683 1808; baseline 0 -11"><span class='ocrx_word' id='word_1_137' title='bbox 115 1747 156 1797; x_wconf 89' lang='lat' dir='ltr'>Sic</span> <span class='ocrx_word' id='word_1_138' title='bbox 169 1747 222 1807; x_wconf 85' lang='lat' dir='ltr'>sit,</span> <span class='ocrx_word' id='word_1_139' title='bbox 237 1760 282 1806; x_wconf 91' lang='lat' dir='ltr'>ut,</span> <span class='ocrx_word' id='word_1_140' title='bbox 296 1747 400 1798; x_wconf 74' lang='lat' dir='ltr'>invalidi</span> <span class='ocrx_word' id='word_1_141' title='bbox 414 1759 460 1808; x_wconf 88' lang='lat' dir='ltr'>te,</span> <span class='ocrx_word' id='word_1_142' title='bbox 474 1747 536 1798; x_wconf 91' lang='lat' dir='ltr'>folet</span> <span class='ocrx_word' id='word_1_143' title='bbox 553 1745 600 1798; x_wconf 81' lang='lat' dir='ltr'>elle</span> <span class='ocrx_word' id='word_1_144' title='bbox 617 1749 683 1797; x_wconf 88' lang='lat' dir='ltr'>mihi.</span> 
     </span>
     <span class='ocr_line' id='line_1_22' title="bbox 80 1819 761 1888; baseline 0.004 -19"><span class='ocrx_word' id='word_1_145' title='bbox 80 1820 211 1886; x_wconf 85' lang='lat' dir='ltr'>Torqueor</span> <span class='ocrx_word' id='word_1_146' title='bbox 226 1837 257 1872; x_wconf 85' lang='lat' dir='ltr'>ex</span> <span class='ocrx_word' id='word_1_147' title='bbox 274 1837 365 1888; x_wconf 73' lang='lat' dir='ltr'>equo,</span> <span class='ocrx_word' id='word_1_148' title='bbox 380 1822 422 1872; x_wconf 83' lang='lat' dir='ltr'>vel</span> <span class='ocrx_word' id='word_1_149' title='bbox 439 1833 464 1872; x_wconf 89' lang='lat' dir='ltr'>te</span> <span class='ocrx_word' id='word_1_150' title='bbox 482 1822 608 1880; x_wconf 85' lang='lat' dir='ltr'>nubente,</span> <span class='ocrx_word' id='word_1_151' title='bbox 623 1823 664 1871; x_wconf 87' lang='lat' dir='ltr'>vel</span> <span class='ocrx_word' id='word_1_152' title='bbox 679 1819 761 1888; x_wconf 68' lang='lat' dir='ltr'>egri:</span> 
     </span>
     <span class='ocr_line' id='line_1_23' title="bbox 114 1891 728 1962; baseline 0.003 -19"><span class='ocrx_word' id='word_1_153' title='bbox 114 1894 210 1945; x_wconf 87' lang='lat' dir='ltr'>Dicere</span> <span class='ocrx_word' id='word_1_154' title='bbox 225 1911 272 1946; x_wconf 88' lang='lat' dir='ltr'>nec</span> <span class='ocrx_word' id='word_1_155' title='bbox 288 1893 398 1961; x_wconf 84' lang='lat' dir='ltr'>pofl&#39;um,</span> <span class='ocrx_word' id='word_1_156' title='bbox 416 1895 474 1962; x_wconf 86' lang='lat' dir='ltr'>quid</span> <span class='ocrx_word' id='word_1_157' title='bbox 491 1891 568 1944; x_wconf 72' lang='lat' dir='ltr'>minuis</span> <span class='ocrx_word' id='word_1_158' title='bbox 582 1893 631 1960; x_wconf 84' lang='lat' dir='ltr'>ipfe</span> <span class='ocrx_word' id='word_1_159' title='bbox 647 1895 728 1945; x_wconf 88' lang='lat' dir='ltr'>velim.</span> 
     </span>
     <span class='ocr_line' id='line_1_24' title="bbox 81 1966 851 2036; baseline 0 -18"><span class='ocrx_word' id='word_1_160' title='bbox 81 1967 196 2018; x_wconf 84' lang='lat' dir='ltr'>Maceror</span> <span class='ocrx_word' id='word_1_161' title='bbox 208 1967 349 2026; x_wconf 89' lang='lat' dir='ltr'>interdum,</span> <span class='ocrx_word' id='word_1_162' title='bbox 365 1969 431 2036; x_wconf 85' lang='lat' dir='ltr'>quod</span> <span class='ocrx_word' id='word_1_163' title='bbox 446 1969 490 2018; x_wconf 84' lang='lat' dir='ltr'>sim</span> <span class='ocrx_word' id='word_1_164' title='bbox 501 1968 546 2017; x_wconf 88' lang='lat' dir='ltr'>tibi</span> <span class='ocrx_word' id='word_1_165' title='bbox 560 1966 628 2017; x_wconf 86' lang='lat' dir='ltr'>causa</span> <span class='ocrx_word' id='word_1_166' title='bbox 643 1967 762 2025; x_wconf 81' lang='lat' dir='ltr'>dolendi;</span> <span class='ocrx_word' id='word_1_167' title='bbox 803 1981 851 2032; x_wconf 85' lang='lat'>125</span> 
     </span>
     <span class='ocr_line' id='line_1_25' title="bbox 115 2039 583 2108; baseline -0.004 -18"><span class='ocrx_word' id='word_1_168' title='bbox 115 2039 205 2108; x_wconf 75' lang='lat' dir='ltr'>Teque</span> <span class='ocrx_word' id='word_1_169' title='bbox 222 2041 277 2091; x_wconf 77' lang='lat' dir='ltr'>urei</span> <span class='ocrx_word' id='word_1_170' title='bbox 293 2041 348 2093; x_wconf 82' lang='lat' dir='ltr'>laedi</span> <span class='ocrx_word' id='word_1_171' title='bbox 364 2041 496 2092; x_wconf 81' lang='lat' dir='ltr'>calliditate</span> <span class='ocrx_word' id='word_1_172' title='bbox 513 2053 583 2108; x_wconf 91' lang='lat' dir='ltr'>puto.</span> 
     </span>
     <span class='ocr_line' id='line_1_26' title="bbox 83 2112 802 2181; baseline -0.003 -17"><span class='ocrx_word' id='word_1_173' title='bbox 83 2115 108 2164; x_wconf 93' lang='lat' dir='ltr'>ln</span> <span class='ocrx_word' id='word_1_174' title='bbox 123 2126 199 2181; x_wconf 69' lang='lat' dir='ltr'>eaput</span> <span class='ocrx_word' id='word_1_175' title='bbox 213 2115 268 2166; x_wconf 81' lang='lat' dir='ltr'>haec</span> <span class='ocrx_word' id='word_1_176' title='bbox 281 2115 385 2165; x_wconf 88' lang='lat' dir='ltr'>nostrum</span> <span class='ocrx_word' id='word_1_177' title='bbox 402 2115 504 2166; x_wconf 81' lang='lat' dir='ltr'>domiuae</span> <span class='ocrx_word' id='word_1_178' title='bbox 519 2113 645 2180; x_wconf 75' lang='lat' dir='ltr'>perjuria,</span> <span class='ocrx_word' id='word_1_179' title='bbox 665 2112 763 2178; x_wconf 79' lang='lat' dir='ltr'>quaeso,</span> <span class='ocrx_word' id='word_1_180' title='bbox 799 2151 802 2156; x_wconf 79' lang='lat'><em>,</em></span> 
     </span>
     <span class='ocr_line' id='line_1_27' title="bbox 117 2185 608 2254; baseline -0.006 -16"><span class='ocrx_word' id='word_1_181' title='bbox 117 2187 239 2239; x_wconf 85' lang='lat' dir='ltr'>Eveniant</span> <span class='ocrx_word' id='word_1_182' title='bbox 256 2205 265 2238; x_wconf 75' lang='lat' dir='ltr'><strong><em>z</em></strong></span> <span class='ocrx_word' id='word_1_183' title='bbox 281 2188 355 2254; x_wconf 66' lang='lat' dir='ltr'>poeni</span> <span class='ocrx_word' id='word_1_184' title='bbox 371 2201 424 2240; x_wconf 86' lang='lat' dir='ltr'>tuta</span> <span class='ocrx_word' id='word_1_185' title='bbox 441 2189 472 2238; x_wconf 90' lang='lat' dir='ltr'>sit</span> <span class='ocrx_word' id='word_1_186' title='bbox 488 2187 535 2236; x_wconf 78' lang='lat' dir='ltr'>ssla‘</span> <span class='ocrx_word' id='word_1_187' title='bbox 545 2185 608 2236; x_wconf 71' lang='lat' dir='ltr'>med.</span> 
     </span>
     <span class='ocr_line' id='line_1_28' title="bbox 83 2257 801 2329; baseline -0.008 -17"><span class='ocrx_word' id='word_1_188' title='bbox 83 2263 120 2312; x_wconf 89' lang='lat' dir='ltr'>Ne</span> <span class='ocrx_word' id='word_1_189' title='bbox 133 2274 218 2312; x_wconf 86' lang='lat' dir='ltr'>tamen</span> <span class='ocrx_word' id='word_1_190' title='bbox 231 2261 362 2329; x_wconf 86' lang='lat' dir='ltr'>ignorem,</span> <span class='ocrx_word' id='word_1_191' title='bbox 378 2261 434 2329; x_wconf 85' lang='lat' dir='ltr'>quid</span> <span class='ocrx_word' id='word_1_192' title='bbox 449 2278 506 2328; x_wconf 76' lang='lat' dir='ltr'>agas</span> <span class='ocrx_word' id='word_1_193' title='bbox 519 2278 530 2320; x_wconf 77' lang='lat'>3</span> <span class='ocrx_word' id='word_1_194' title='bbox 545 2261 575 2309; x_wconf 81' lang='lat' dir='ltr'>ad</span> <span class='ocrx_word' id='word_1_195' title='bbox 590 2257 671 2310; x_wconf 85' lang='lat' dir='ltr'>limina</span> <span class='ocrx_word' id='word_1_196' title='bbox 686 2257 772 2311; x_wconf 72' lang='lat' dir='ltr'>erebro</span> <span class='ocrx_word' id='word_1_197' title='bbox 797 2299 801 2306; x_wconf 92' lang='lat'><em>.</em></span> 
     </span>
     <span class='ocr_line' id='line_1_29' title="bbox 115 2329 856 2400; baseline -0.003 -15"><span class='ocrx_word' id='word_1_198' title='bbox 115 2335 211 2386; x_wconf 77' lang='lat' dir='ltr'>Anxius</span> <span class='ocrx_word' id='word_1_199' title='bbox 227 2335 276 2386; x_wconf 91' lang='lat' dir='ltr'>huc</span> <span class='ocrx_word' id='word_1_200' title='bbox 291 2335 349 2384; x_wconf 88' lang='lat' dir='ltr'>illuc</span> <span class='ocrx_word' id='word_1_201' title='bbox 363 2334 541 2386; x_wconf 78' lang='lat' dir='ltr'>dissimulanter</span> <span class='ocrx_word' id='word_1_202' title='bbox 557 2349 598 2385; x_wconf 87' lang='lat' dir='ltr'>eo.</span> <span class='ocrx_word' id='word_1_203' title='bbox 752 2329 756 2342; x_wconf 72' lang='lat'><strong>¹</strong></span> <span class='ocrx_word' id='word_1_204' title='bbox 805 2347 856 2400; x_wconf 84' lang='lat'>130</span> 
     </span>
     <span class='ocr_line' id='line_1_30' title="bbox 84 2406 802 2474; baseline -0.006 -16"><span class='ocrx_word' id='word_1_205' title='bbox 84 2408 221 2474; x_wconf 83' lang='lat' dir='ltr'>Subsequor</span> <span class='ocrx_word' id='word_1_206' title='bbox 238 2409 348 2458; x_wconf 81' lang='lat' dir='ltr'>ancillam</span> <span class='ocrx_word' id='word_1_207' title='bbox 363 2408 444 2459; x_wconf 88' lang='lat' dir='ltr'>furtim</span> <span class='ocrx_word' id='word_1_208' title='bbox 459 2408 625 2465; x_wconf 81' lang='lat' dir='ltr'>famulumve,</span> <span class='ocrx_word' id='word_1_209' title='bbox 641 2406 765 2473; x_wconf 86' lang='lat' dir='ltr'>requirens</span> <span class='ocrx_word' id='word_1_210' title='bbox 798 2445 802 2454; x_wconf 85' lang='lat'>.</span> 
     </span>
     <span class='ocr_line' id='line_1_31' title="bbox 116 2479 682 2549; baseline -0.002 -18"><span class='ocrx_word' id='word_1_211' title='bbox 116 2480 258 2532; x_wconf 85' lang='lat' dir='ltr'>Profuerint</span> <span class='ocrx_word' id='word_1_212' title='bbox 274 2480 350 2532; x_wconf 87' lang='lat' dir='ltr'>fomni</span> <span class='ocrx_word' id='word_1_213' title='bbox 363 2482 420 2549; x_wconf 88' lang='lat' dir='ltr'>quid</span> <span class='ocrx_word' id='word_1_214' title='bbox 435 2481 499 2540; x_wconf 89' lang='lat' dir='ltr'>tibi,</span> <span class='ocrx_word' id='word_1_215' title='bbox 521 2479 609 2547; x_wconf 88' lang='lat' dir='ltr'>quidve</span> <span class='ocrx_word' id='word_1_216' title='bbox 627 2479 682 2530; x_wconf 88' lang='lat' dir='ltr'>cibi.</span> 
     </span>
     <span class='ocr_line' id='line_1_32' title="bbox 83 2551 763 2622; baseline -0.003 -16"><span class='ocrx_word' id='word_1_217' title='bbox 83 2553 126 2606; x_wconf 88' lang='lat' dir='ltr'>Me</span> <span class='ocrx_word' id='word_1_218' title='bbox 136 2554 249 2605; x_wconf 86' lang='lat' dir='ltr'>miserum</span> <span class='ocrx_word' id='word_1_219' title='bbox 261 2553 268 2604; x_wconf 89' lang='lat'><strong>!</strong></span> <span class='ocrx_word' id='word_1_220' title='bbox 282 2554 348 2622; x_wconf 89' lang='lat' dir='ltr'>quod</span> <span class='ocrx_word' id='word_1_221' title='bbox 357 2571 407 2605; x_wconf 88' lang='lat' dir='ltr'>non</span> <span class='ocrx_word' id='word_1_222' title='bbox 417 2554 566 2606; x_wconf 85' lang='lat' dir='ltr'>medicorum</span> <span class='ocrx_word' id='word_1_223' title='bbox 575 2551 634 2618; x_wconf 87' lang='lat' dir='ltr'>julla</span> <span class='ocrx_word' id='word_1_224' title='bbox 642 2552 745 2604; x_wconf 88' lang='lat' dir='ltr'>miniflro</span> <span class='ocrx_word' id='word_1_225' title='bbox 756 2585 763 2614; x_wconf 84' lang='grc'><strong>,</strong></span> 
     </span>
     <span class='ocr_line' id='line_1_33' title="bbox 117 2626 628 2697; baseline -0.004 -20"><span class='ocrx_word' id='word_1_226' title='bbox 117 2626 263 2697; x_wconf 77' lang='lat' dir='ltr'>Effingoque</span> <span class='ocrx_word' id='word_1_227' title='bbox 278 2644 383 2688; x_wconf 84' lang='lat' dir='ltr'>manus,</span> <span class='ocrx_word' id='word_1_228' title='bbox 401 2628 544 2694; x_wconf 88' lang='lat' dir='ltr'>insideoque</span> <span class='ocrx_word' id='word_1_229' title='bbox 563 2639 628 2677; x_wconf 91' lang='lat' dir='ltr'>toro.</span> 
     </span>
     <span class='ocr_line' id='line_1_34' title="bbox 18 2699 853 2768; baseline -0.004 -17"><span class='ocrx_word' id='word_1_230' title='bbox 18 2733 22 2743; x_wconf 89' lang='lat'><em>·</em></span> <span class='ocrx_word' id='word_1_231' title='bbox 86 2701 202 2752; x_wconf 81' lang='lat' dir='ltr'>Ettrusus</span> <span class='ocrx_word' id='word_1_232' title='bbox 211 2701 323 2752; x_wconf 88' lang='lat' dir='ltr'>miserum</span> <span class='ocrx_word' id='word_1_233' title='bbox 336 2701 342 2751; x_wconf 88' lang='lat' dir='ltr'>l</span> <span class='ocrx_word' id='word_1_234' title='bbox 354 2702 438 2768; x_wconf 89' lang='lat' dir='ltr'>quod,</span> <span class='ocrx_word' id='word_1_235' title='bbox 449 2718 488 2751; x_wconf 88' lang='lat' dir='ltr'>me</span> <span class='ocrx_word' id='word_1_236' title='bbox 498 2701 585 2768; x_wconf 87' lang='lat' dir='ltr'>procul</span> <span class='ocrx_word' id='word_1_237' title='bbox 593 2699 649 2749; x_wconf 88' lang='lat' dir='ltr'>inde</span> <span class='ocrx_word' id='word_1_238' title='bbox 660 2711 773 2762; x_wconf 86' lang='lat' dir='ltr'>remoto,</span> <span class='ocrx_word' id='word_1_239' title='bbox 805 2710 853 2764; x_wconf 79' lang='lat'>135</span> 
     </span>
     <span class='ocr_line' id='line_1_35' title="bbox 111 2773 721 2839; baseline 0.003 -15"><span class='ocrx_word' id='word_1_240' title='bbox 111 2773 201 2839; x_wconf 69' lang='lat' dir='ltr'>Quem</span> <span class='ocrx_word' id='word_1_241' title='bbox 214 2776 313 2825; x_wconf 77' lang='lat' dir='ltr'>minime</span> <span class='ocrx_word' id='word_1_242' title='bbox 328 2777 435 2836; x_wconf 87' lang='lat' dir='ltr'>vellem,</span> <span class='ocrx_word' id='word_1_243' title='bbox 451 2775 554 2826; x_wconf 85' lang='lat' dir='ltr'>forsitan</span> <span class='ocrx_word' id='word_1_244' title='bbox 568 2775 630 2824; x_wconf 85' lang='lat' dir='ltr'>alter</span> <span class='ocrx_word' id='word_1_245' title='bbox 647 2773 721 2826; x_wconf 77' lang='lat' dir='ltr'>adest.</span> 
     </span>
     <span class='ocr_line' id='line_1_36' title="bbox 19 2846 674 2943; baseline -0.005 -45"><span class='ocrx_word' id='word_1_246' title='bbox 19 2856 26 2943; x_wconf 47' lang='lat' dir='ltr'>l</span> <span class='ocrx_word' id='word_1_247' title='bbox 86 2846 129 2898; x_wconf 90' lang='lat' dir='ltr'>llle</span> <span class='ocrx_word' id='word_1_248' title='bbox 144 2865 225 2911; x_wconf 76' lang='lat' dir='ltr'>manus</span> <span class='ocrx_word' id='word_1_249' title='bbox 240 2848 295 2899; x_wconf 78' lang='lat' dir='ltr'>istas</span> <span class='ocrx_word' id='word_1_250' title='bbox 310 2846 421 2917; x_wconf 81' lang='lat' dir='ltr'>effingit,</span> <span class='ocrx_word' id='word_1_251' title='bbox 439 2849 569 2900; x_wconf 84' lang='lat' dir='ltr'>&amp;assidet</span> <span class='ocrx_word' id='word_1_252' title='bbox 584 2861 674 2913; x_wconf 69' lang='lat' dir='ltr'>egre,</span> 
     </span>
     <span class='ocr_line' id='line_1_37' title="bbox 19 2919 722 3042; baseline -0.007 -70"><span class='ocrx_word' id='word_1_253' title='bbox 19 2946 20 2987; x_wconf 55' lang='grc' dir='ltr'><strong>ς</strong></span> <span class='ocrx_word' id='word_1_254' title='bbox 120 2920 208 2978; x_wconf 70' lang='lat' dir='ltr'>irrisus</span> <span class='ocrx_word' id='word_1_255' title='bbox 225 2922 344 2992; x_wconf 85' lang='lat' dir='ltr'>Superis,</span> <span class='ocrx_word' id='word_1_256' title='bbox 364 2939 419 2976; x_wconf 77' lang='lat' dir='ltr'>curn</span> <span class='ocrx_word' id='word_1_257' title='bbox 433 2923 578 2990; x_wconf 85' lang='lat' dir='ltr'>Superisque</span> <span class='ocrx_word' id='word_1_258' title='bbox 592 2919 659 2970; x_wconf 88' lang='lat' dir='ltr'>mihi.</span> <span class='ocrx_word' id='word_1_259' title='bbox 697 2985 722 3042; x_wconf 52' lang='grc' dir='ltr'><em>ε</em></span> 
     </span>
     <span class='ocr_line' id='line_1_38' title="bbox 19 2993 766 3051; baseline -0.009 -46"><span class='ocrx_word' id='word_1_260' title='bbox 19 2996 20 3005; x_wconf 68' lang='grc'>,</span> <span class='ocrx_word' id='word_1_261' title='bbox 216 2997 221 3006; x_wconf 93' lang='grc'><em>.</em></span> <span class='ocrx_word' id='word_1_262' title='bbox 547 3009 551 3019; x_wconf 26' lang='grc' dir='ltr'>ι</span> <span class='ocrx_word' id='word_1_263' title='bbox 635 3004 639 3012; x_wconf 43' lang='grc'><strong>,</strong></span> <span class='ocrx_word' id='word_1_264' title='bbox 732 2993 766 3051; x_wconf 45' lang='grc' dir='ltr'>ἵ,</span> 
     </span>
    </p>
   </div>
   <div class='ocr_carea' id='block_1_3' title="bbox 0 0 1030 3709">
    <p class='ocr_par' dir='ltr' id='par_1_3' title="bbox 0 0 1030 3709">
     <span class='ocr_line' id='line_1_39' title="bbox 0 0 1030 3709; baseline 0 0"><span class='ocrx_word' id='word_1_265' title='bbox 0 0 1030 3709; x_wconf 95' lang='lat' dir='ltr'> </span> 
     </span>
    </p>
   </div>
  </div>
 </body>
</html>
