2034 3709
19 304 21 375 l

150 253 311 320 Lrnnn
335 251 365 318 I.
392 255 595 326 ΕιεσιΑ
619 259 673 328 ΙΙ.
715 281 784 334 121

19 383 20 393 ¹
79 370 118 422 Nil
133 388 195 438 opus
212 371 246 422 ess
262 371 329 421 bello
347 387 355 422 s
372 387 457 437 pacem
474 375 617 443 veniamque
631 393 763 445 rogamus:

113 445 165 494 Nec
180 445 226 494 tibi
241 447 312 502 laus,
330 445 401 494 armis
418 445 494 495 vissus
510 448 605 499 inermis
618 483 625 508 ,
644 467 696 502 ero.

79 517 152 566 Nede
169 533 263 568 comam
278 529 360 585 myrto
377 533 384 567 ε
400 530 520 571 maternas
536 520 610 592 junge
627 526 771 577 columbas:

113 588 161 655 Qui
175 591 283 648 deceat,
301 607 397 641 currum
412 591 513 642 vitricus
529 593 579 659 ipse
596 596 671 646 dabit.

79 661 151 729 Inque
166 663 226 714 dato
240 680 333 721 curru,
349 666 442 730 populu
459 666 578 717 clamante
591 670 736 737 triumphum
748 705 766 745 ,¹
796 690 828 738 25

19 766 20 781 2
111 735 212 795 Stabiu
233 738 259 789 dt
275 735 398 802 adjurans
414 749 467 789 arte
482 739 590 791 movebis
607 759 675 794 aves.

19 836 20 857 r
78 805 205 859 Ducentur
220 809 322 875 juvenes
339 811 422 877 capti,
442 825 567 878 captaque
584 816 692 880 puelle:
747 807 752 818 ⁸

19 904 20 907 ¹
112 881 171 932 Haec
188 882 233 933 tibi
249 881 388 951 magnificus
404 901 492 950 pompa
507 886 640 952 triumphus
657 890 713 941 erit.
759 877 765 886 ⁵

19 962 20 967 ’
78 954 127 1021 lpse
138 973 185 1024 ego
195 989 203 1014 ,
212 958 293 1023 praeda
303 973 405 1013 recens,
417 957 504 1007 sosium
515 961 587 1010 modd
599 962 684 1013 vulnus
695 963 789 1016 habebo
802 985 809 1018 :

19 1048 20 1053 ¹
111 1027 141 1078 Et
157 1046 223 1079 nova
242 1029 335 1095 captivi
350 1029 446 1080 vincula
460 1044 543 1082 mente
560 1033 644 1085 seram.
794 1053 828 1104 30

78 1099 147 1152 Mens
162 1103 231 1153 Bona
246 1102 349 1154 ducetur
363 1104 471 1154 manibus
486 1105 538 1170 poll
554 1116 628 1174 terga·
636 1109 755 1170 retortis,

110 1174 140 1224 Et
154 1175 258 1249 l’udor,
279 1177 306 1228 δι
323 1175 402 1227 castris
418 1178 531 1243 quicquid
547 1177 643 1230 Amoris
660 1183 738 1232 obeli.

77 1247 160 1299 Omnia
177 1261 204 1300 te
218 1261 329 1300 metuent
347 1265 355 1299 :
372 1251 403 1299 ad
416 1262 441 1299 te
456 1250 496 1299 sua
514 1251 610 1301 brachia
625 1255 736 1306 tendent.

110 1323 223 1389 Vulgus,
240 1323 291 1383 Io,
308 1322 490 1390 magnivoce,
508 1323 661 1392 Triumphe,
679 1341 760 1379 canet.
815 1349 817 1352 ·

76 1394 195 1446 Blanditiae
203 1393 249 1446 'tibi
259 1409 331 1446 eruut
341 1396 459 1453 comites,
473 1395 613 1464 Errorque,
626 1400 751 1470 Furorque
762 1435 770 1463 ‚
792 1415 804 1468 3
811 1417 823 1466 5

109 1467 212 1518 Assidue
225 1480 306 1535 partes
320 1470 391 1518 turba
406 1468 487 1519 secuta
502 1482 566 1522 tuas.

77 1539 117 1590 His
131 1554 157 1591 ru
174 1541 291 1592 militibus
307 1542 403 1607 superas
420 1540 578 1610 hominesque
593 1543 734 1612 Deosque:

109 1613 167 1666 Hec
185 1614 231 1665 tibi
245 1615 265 1665 si
282 1614 362 1665 demas
381 1616 525 1674 commoda,
546 1618 625 1668 nullus
640 1619 697 1688 eris,
752 1645 754 1650 ·

76 1686 137 1736 Laeta
152 1687 311 1755 triumphanti
328 1687 358 1737 de
373 1687 463 1738 summo
479 1689 563 1740 Mater
580 1689 688 1758 Olympo

107 1758 225 1820 Plaudet,
247 1762 273 1812 &
287 1760 408 1827 appositas
423 1761 517 1828 sparget
533 1763 557 1812 in
575 1779 617 1812 ora
634 1765 708 1815 rosns.
788 1781 823 1831 40

75 1831 128 1892 Tu,
144 1850 237 1901 pennas
252 1833 363 1902 gemmd,
379 1835 472 1901 gemmir
487 1835 595 1886 variante
614 1837 732 1904 capillos,

108 1907 152 1958 lbis
167 1909 194 1958 in
210 1907 300 1958 auratis
314 1923 400 1958 aureus
414 1908 465 1974 ipse
481 1908 551 1958 rotis.

75 1980 132 2030 Tum
141 1978 240 2048 quoque
251 1997 301 2030 non
311 1997 401 2046 paucos
414 2014 422 2039 ,
439 1981 458 2031 si
471 1994 497 2030 te
507 1983 570 2030 bene
583 1981 710 2039 novimus,
727 1999 782 2035 ures
795 2001 802 2035 ε

106 2054 167 2104 Tum
183 2070 282 2122 quoque
296 2053 435 2118 praeteriens
450 2055 550 2103 vulnera
565 2055 640 2105 multa
657 2055 732 2106 dabis.

76 2127 126 2176 Non
140 2126 256 2194 possunt,
274 2127 334 2176 licet
348 2126 398 2192 ipse
412 2126 493 2185 velis,
512 2125 599 2176 cessare
617 2127 729 2196 sagitta:
786 2144 803 2191 4
807 2143 821 2193 ς

83 2190 206 2250 'Fervida
223 2199 305 2249 vicino
321 2199 414 2248 flamma
430 2216 522 2264 vapore
540 2211 623 2249 nocet.

76 2272 135 2322 Talis
150 2286 204 2324 erat
220 2272 310 2323 domita
324 2271 433 2322 Bacchus
451 2271 590 2338 Gangetide
606 2272 689 2324 terri:
793 2269 797 2276 ⁴

106 2346 144 2396 Tu
161 2347 241 2415 gravis
258 2345 373 2405 alitibus;
392 2345 493 2414 tigribus
510 2347 550 2394 ille
567 2345 620 2396 suit.

76 2419 153 2487 Ergo,
172 2437 221 2488 ego
237 2417 291 2469 crim
304 2418 394 2484 possim
410 2417 469 2467 sacri
482 2435 537 2484 pars
554 2417 601 2468 esse
616 2419 748 2488 triumphi,

108 2491 181 2543 Parce
198 2506 252 2543 tuas
267 2493 292 2541 in
307 2508 345 2541 me
360 2491 481 2558 perdere,
499 2491 595 2549 vidior,
615 2509 685 2558 opes.
786 2507 820 2559 50

75 2564 156 2631 Aspice
170 2565 269 2633 cognati
283 2563 363 2614 felicia
379 2562 479 2614 Caesaris
493 2581 577 2616 armat

107 2637 162 2705 Qud
178 2639 254 2692 vincit
267 2671 275 2699 ,
289 2637 366 2690 vislns
381 2636 489 2705 protegit
504 2637 565 2698 ille,
580 2653 660 2693 manu.
