2034 3709
116 254 273 321 Lrnrn
297 252 367 323 III.
392 252 579 323 ΕιεοιΑ
603 256 673 327 ΙΧ.
704 256 777 350 187

71 372 100 424 At
115 370 173 421 iacti
190 384 282 429 vates,
300 371 327 422 δι
343 372 434 421 Divim
450 390 526 429 cura,
542 389 676 425 vocamur:

101 446 161 495 Sunt
176 445 269 505 etiam,
287 446 327 511 qui
343 461 388 495 nos
405 462 494 495 numen
510 446 600 497 habere
616 459 713 513 putent.

69 520 163 569 Scilicet
180 534 253 567 omne
270 517 362 567 sacrum
376 536 441 569 mors
457 520 595 585 importuna
610 521 741 587 profanat:

102 592 222 643 Omnibus
239 591 352 643 obscuras
367 591 446 659 injicit
463 594 504 643 ilia
521 610 613 643 mantus.
786 609 822 643 ao

69 664 131 729 Quid
147 678 220 731 pater
237 666 355 724 lsmrio,
373 666 431 733 quid
447 680 542 726 mater,
559 667 652 732 profuit
668 664 795 733 Orpheo?

102 738 216 789 Carmine
235 739 292 804 quid
307 739 380 789 vitias
397 739 539 806 obstupuiii‘e
555 739 643 791 ieras?

69 810 166 863 AElinon
182 812 209 861 in
225 812 291 862 silvis
308 812 372 862 idem
387 825 475 878 pater,
494 813 614 873 AElinon,
631 813 688 865 altis

102 886 202 935 Dicitur
218 884 293 935 inviti
310 886 454 937 concinuiffe
470 888 534 955 lyri.

70 958 154 1023 Adjice
173 957 333 1018 Maeonideu‚
351 976 446 1027 aquo,
466 977 514 1011 ceu
528 962 597 1012 fonte
610 958 730 1029 perenni,
787 973 822 1024 25

102 1032 196 1083 Vatum
211 1030 294 1081 Pi'e'riis
310 1050 353 1082 ora
368 1034 475 1100 rigantur
489 1036 576 1101 aquis:

69 1104 138 1155 Hunc
156 1122 255 1171 quoque
270 1106 358 1155 summa
372 1107 424 1156 dies
439 1107 510 1175 nigro
526 1107 651 1159 submersit
665 1106 786 1165 Averno,

103 1178 242 1246 Diffugiunt
256 1180 339 1229 avidos
355 1180 459 1230 carmina
476 1182 526 1229 soia
541 1196 626 1247 rogos.

69 1252 145 1301 Durat
162 1268 225 1319 opus
241 1264 342 1311 vatum,
360 1252 462 1318 Trojani
477 1254 540 1303 fama
553 1254 661 1314 laboris,

103 1325 235 1391 Tardaque
252 1326 370 1379 noiiutno
386 1328 436 1377 teia
449 1339 546 1379 retexta
559 1327 632 1378 tiolo.
790 1338 825 1389 30

71 1398 107 1447 Sic
121 1398 237 1449 Nemesis
251 1400 369 1467 longum,
386 1401 422 1451 sic
438 1402 532 1461 Delia,
549 1417 640 1451 nomen
652 1400 775 1451 habebunt
788 1417 797 1459 ς

103 1472 209 1531 Altera,
229 1489 286 1523 cura
299 1490 403 1534 recens,
423 1475 499 1525 altera
511 1508 520 1535 ,
536 1474 626 1540 primus
641 1492 719 1525 amor.

72 1544 135 1608 Quid
150 1562 197 1595 vos
215 1546 280 1595 sacra
293 1545 401 1613 juvant?
417 1548 474 1614 quid
489 1565 552 1598 nunc
566 1546 684 1616 AEgyptia
698 1547 799 1615 prosunt

105 1618 201 1669 Sistra?
220 1619 276 1685 quid
290 1620 315 1669 in
329 1637 408 1677 vacuo
423 1620 554 1673 secubuisse
571 1620 651 1671 toro?

73 1691 131 1741 Cim
145 1692 240 1759 rapiant
254 1693 315 1741 mala
328 1694 377 1743 fata
391 1694 469 1745 bonos
481 1727 488 1752 ,
508 1692 519 1759 (
533 1694 650 1763 ignoscite
666 1694 743 1753 saiso,
757 1695 768 1763 )
791 1705 822 1759 35

106 1766 223 1815 Solicitor
240 1766 319 1817 nullos
336 1766 382 1817 effe
398 1778 484 1833 putare
499 1768 580 1819 Deos.

72 1839 134 1892 Vive
150 1839 225 1905 pius,
244 1839 348 1889 moriere
360 1840 417 1913 pius
434 1854 441 1890 τ
458 1842 514 1891 cole
528 1841 594 1891 sacra
603 1874 612 1901 ‚
630 1842 753 1892 colentem

107 1912 178 1962 Mors
194 1912 274 1981 gravis
290 1930 304 1962 a
319 1914 414 1981 templis
429 1913 454 1963 in
471 1930 531 1963 cava
547 1914 612 1964 busta
626 1915 717 1963 trahet.

74 1985 223 2036 Carminibus
242 1984 338 2036 confide
353 1987 422 2037 bonis
439 2003 446 2037 z
462 1985 530 2053 jacet
547 2003 607 2036 ecce
622 1986 744 2036 Tibullus.

106 2060 158 2109 Vix
172 2071 255 2108 manet
272 2076 285 2109 e
303 2071 370 2109 tanto
386 2078 460 2127 parva
475 2060 541 2125 quod
557 2076 616 2109 urna
630 2058 703 2123 capit.
791 2070 829 2117 4ο

73 2132 162 2191 Tene,
181 2132 248 2182 sacer
262 2134 360 2191 Vates,
376 2134 476 2183 flammae
493 2148 596 2198 rapuere
611 2127 729 2200 rogales?

109 2205 248 2257 Peiioribus
265 2206 328 2270 pasci
343 2222 390 2256 nec
404 2207 507 2256 timuere
522 2206 570 2255 tuis
583 2202 594 2255 i

76 2279 156 2329 Aurea
173 2278 306 2328 sannorum
321 2280 451 2345 potuiffent
467 2282 558 2345 templa
574 2279 686 2328 Deorum

109 2352 209 2410 Urere,
230 2369 284 2418 quae
300 2364 392 2403 tantum
409 2352 538 2402 sustinuere
552 2353 630 2403 nefas.

75 2425 171 2475 Avertit
186 2426 289 2485 vultus,
308 2422 397 2493 Erycis
410 2444 463 2493 quae
480 2426 589 2493 possidet
604 2439 694 2476 atcest
791 2435 826 2486 45

110 2499 171 2549 Sunt
188 2514 305 2564 quoque,
322 2499 362 2565 qui
377 2499 494 2567 lacrymas
511 2498 650 2548 continuiffe
666 2507 766 2565 negent.

76 2572 122 2623 Sed
135 2585 218 2622 tatnen
232 2571 280 2620 hoc
295 2572 398 2631 meiius,
417 2574 487 2639 quim
502 2573 523 2621 si
538 2570 646 2621 Phaeacia
661 2572 734 2622 telius

111 2644 225 2713 ignotum
240 2644 282 2693 vili
298 2644 451 2711 supposuiiiet
464 2648 549 2699 humo.

77 2718 139 2769 Hinc
157 2717 226 2768 certi
243 2717 351 2768 madidos
368 2718 481 2787 fugientis
499 2716 587 2785 pressit
602 2719 696 2768 ocellos

111 2790 216 2849 Mater3
235 2790 262 2841 &
276 2790 300 2840 in
316 2791 410 2843 cineres
424 2793 507 2842 ultima
522 2792 586 2842 dona
601 2792 677 2841 tuiit:
796 2801 831 2854 50

54 2869 57 2876 '
78 2863 139 2915 Hinc
157 2865 227 2915 sotor
240 2862 265 2913 in
281 2877 374 2929 partem
388 2866 542 2915 miseritum
558 2877 634 2917 matre
651 2861 742 2917 doloris

104 2938 208 2999 'Venit,
228 2937 351 2991 inornatas
368 2938 479 2991 dilaniata
496 2954 587 2991 comas.
