2034 3709
223 256 272 316 ro
327 236 370 305 Ρ.
396 232 585 311 Orrurr
612 232 841 326 Nasonrs

219 356 269 406 Sed
279 354 334 405 data
343 372 411 412 sum,
423 354 478 421 quia
488 353 565 405 danda
577 353 611 405 sui
622 370 630 403 z
643 366 682 405 tot
693 354 801 405 notlibus
812 354 893 405 absum
900 363 914 417 ,'
990 340 995 349 ⁸

201 474 207 483 ,
256 430 309 478 Nec
320 443 420 494 repetor
432 444 440 479 r
453 426 525 478 celsas
537 460 545 487 ,
556 427 638 493 iraque
648 429 714 477 lenta
725 428 819 479 tuaest.

218 501 272 568 lpse
284 502 462 560 ntenoetiades,
476 513 535 553 tunc
550 499 603 550 crim
613 502 726 551 tradebat
737 534 743 559 ‚
755 502 891 561 inaurem,

256 574 322 638 Quid
334 575 377 625 sles
388 573 399 624 i
411 574 450 624 hic
460 591 536 639 parvo
546 587 656 639 tempore
667 608 675 631 ,
688 574 763 632 dixit,
775 575 843 625 eris-¹

175 663 191 701 2
194 662 207 712 5
220 648 278 698 Non
288 647 400 715 repetisse
408 663 491 713 parum
501 646 535 696 est
546 664 553 696 :
565 664 656 714 pugnas
667 665 697 697 ne
707 648 809 709 reddar,
822 648 936 711 Achille,

257 722 267 771 l
279 738 358 779 nune,
370 721 396 770 ὃ(
405 721 486 785 cupidi
496 737 585 770 nomen
595 722 695 771 amantis
706 721 775 770 habe.

219 795 348 849 Venerunt
359 794 389 843 ad
397 808 423 845 te
433 794 569 843 Telamone
581 794 606 843 δι
618 794 752 861 Amyntore
764 793 814 843 nati
821 811 832 851 ;

257 865 269 931 (
281 868 325 917 llle
336 867 411 935 gradu
421 867 522 933 propior
533 866 666 935 sanguinis,
678 867 719 915 ille
730 884 812 917 comes
824 868 857 936 23)

218 940 353 1007 Lairtique
363 940 425 993 satus
437 958 446 997 3
460 958 505 1006 per
515 956 577 1005 quos
591 941 704 991 comitata
714 940 830 999 redirem.

94 1024 98 1031 ’
171 1028 207 1084 30
255 1015 383 1065 Auxerunt
393 1014 486 1064 blandae
496 1014 594 1080 grandia
605 1013 669 1063 dona
678 1028 782 1079 preces:

218 1087 313 1155 Viginti
323 1088 403 1137 fulvos
413 1087 517 1153 operoso
529 1104 560 1135 ex
570 1103 617 1136 aere
628 1088 735 1145 lebetas,

256 1162 288 1212 Et
297 1160 405 1228 tripodas
417 1161 523 1245 septem,
536 1159 643 1225 pondere
656 1160 744 1210 &arte
756 1176 838 1225 pares

219 1234 309 1285 Addita
321 1235 373 1284 sunt
385 1234 431 1283 illis
441 1234 493 1284 auri
510 1234 545 1283 bis
554 1233 660 1299 quinque
671 1234 780 1293 talenta,

256 1309 296 1359 Bis
307 1308 362 1366 sex,
373 1306 489 1356 assueti
466 1323 564 1356 vincere
577 1306 685 1372 semper,
697 1306 793 1373 equi:-

173 1397 206 1453 35
173 1382 343 1453 3Quodque
353 1382 543 1445 supervacuum,
558 1379 634 1429 forma
645 1378 769 1445 prestante
779 1380 868 1447 puel-le

255 1455 388 1512 Lesbides,
401 1454 486 1504 eversi
497 1469 598 1533 corpora
610 1464 677 1518 capta
690 1452 780 1504 domo:

219 1527 330 1595 Cumque
337 1528 419 1579 totins
421 1524 506 1591 (sed
497 1544 547 1575 nou
554 1541 614 1590 opus
621 1526 701 1575 esitsbr
708 1524 827 1595 conjuge)
837 1541 932 1599 conjux
1000 1534 1001 1537 ’

254 1601 292 1651 Ex
301 1601 497 1669 Agamemnoniis
509 1616 556 1649 una
567 1601 647 1665 puella
658 1599 743 1649 tribus.

173 1673 244 1743 Si
256 1676 299 1724 tibi
309 1676 337 1724 ab
349 1674 433 1724 Atrida
442 1673 522 1739 pretio
534 1672 672 1723 redimenda
680 1671 789 1731 fuissem,

171 1719 207 1825 ⁸40
256 1746 318 1811 Quae
329 1747 386 1797 dare
397 1747 514 1796 debueras
524 1762 654 1811 accipere
664 1745 704 1795 rlla
714 1743 810 1813 neges?
915 1778 920 1783 -
1000 1762 1001 1771 ¹

218 1820 275 1887 Qua
286 1822 364 1871 merui
378 1820 448 1886 culpa
459 1818 512 1869 sieri
520 1818 564 1868 tibi
576 1819 647 1877 vilis,
659 1818 778 1869 Achille?

249 1893 313 1957 Quo
327 1896 414 1944 levisa
429 1894 498 1943 nohis
510 1905 558 1941 tam
573 1890 622 1943 eird
635 1892 697 1959 sugit
708 1888 797 1943 amor?

217 1967 257 2019 An
271 1959 369 2018 miseros
383 1966 453 2017 trislis
468 1968 575 2017 Fortuna
588 1966 708 2015 tenaciter
721 1962 815 2032 urget?

213 2066 219 2073 Δ
253 2042 307 2091 Nec
318 2042 386 2091 venit
399 2039 610 2105 inceptismollior
621 2055 677 2089 aura
688 2038 768 2097 meisi

168 2131 202 2181 45
215 2114 304 2165 Diruta
317 2114 399 2164 Marte
412 2127 455 2163 tuo
468 2111 580 2180 Lyrnesia
592 2113 678 2161 moenia
689 2112 758 2162 vidi:

252 2188 284 2237 Et
297 2189 388 2237 sueram
400 2186 483 2252 patriae
496 2202 550 2251 pars
561 2202 612 2253 ego
628 2200 711 2252 magna
725 2202 794 2235 meae.

214 2260 274 2316 vidi
287 2278 334 2329 ego
347 2260 470 2311 consortes
479 2259 570 2325 pariter
584 2259 724 2326 generisque
736 2257 851 2325 necisque

251 2334 314 2394 Tres¹
325 2334 433 2383 recidisse
445 2349 453 2384 z
464 2333 540 2382 tritus
551 2366 559 2391 ,
571 2349 623 2398 quae
633 2332 705 2389 mihi,
716 2344 793 2381 mater
803 2345 870 2385 erat.

212 2406 272 2463 Vidi
287 2425 351 2475 ego,
364 2419 466 2478 quantus
477 2418 543 2464 erar,
554 2404 630 2455 susum
640 2406 729 2455 tellure
740 2404 860 2467 cruenti,

169 2487 202 2539 50
251 2479 350 2546 Pediora
360 2479 486 2546 jasiantem
495 2480 689 2547 sanguinolenta,
700 2478 787 2529 virum.

160 2563 192 2609 ’ὶῐ
210 2554 265 2604 Tot
272 2559 353 2603 tamen
363 2553 455 2603 amissis
466 2564 492 2603 te
505 2552 707 2618 compensavimus
719 2567 810 2603 unum:
881 2602 887 2607 ,

250 2628 291 2676 Tu
302 2627 429 2684 dominus,
442 2639 469 2675 tu
482 2627 534 2684 vir,
548 2637 575 2674 tu
587 2625 645 2674 mihi
657 2625 732 2674 frater
745 2642 809 2676 etas.
825 2660 827 2667 ι

212 2699 253 2750 Tu
266 2701 340 2757 mihi,
357 2698 449 2764 juratus
465 2716 508 2765 per
522 2698 617 2748 numina
632 2698 719 2749 Matris
733 2699 848 2765 aquosae,¹

249 2774 317 2823 Utile
331 2774 427 2835 dicebas
439 2773 489 2837 ipse
504 2771 570 2823 fuisse
585 2771 646 2837 capi.
680 2775 682 2781 ’

168 2843 200 2896 55
212 2847 312 2900 Scilicet
325 2861 370 2905 ur,
386 2845 491 2914 quamvis
504 2846 598 2897 veniam
614 2844 694 2899 dotata
705 2878 712 2902 ,
722 2845 845 2910 repellas3

248 2921 282 2974 Et
294 2937 387 2973 merum
399 2918 495 2991 fugias,
510 2934 563 2987 que
576 2918 621 2971 u'bi
634 2919 738 2979 dentur,
755 2933 829 2987 opes,
