2034 3709
112 485 116 494 ’
285 475 929 632 ovmn'uasouis*

177 689 952 890 'ufflouum

287 929 483 1017 LIBER
526 931 885 1006 SECUNDUS.

317 1096 573 1170 ELEGIA
622 1098 853 1163 PRIMA.

229 1219 344 1338 Hoc
354 1283 453 1348 quoque
464 1277 587 1346 composui
597 1313 606 1339 ,
623 1277 729 1348 Pelignis
740 1290 811 1332 natus
823 1280 923 1350 aquosis
935 1314 944 1341 ,

262 1357 308 1405 llle
326 1370 374 1420 ego
391 1352 504 1419 nequitia
520 1352 585 1402 Naso
601 1355 674 1418 poeta
691 1369 762 1402 meae.

163 1421 944 1498 HocquoquejussitAmostproculhinc,proeulelle,sevetae:

260 1501 319 1550 Non
336 1499 390 1549 estis
405 1498 570 1563 tenetissapta
585 1499 680 1554 theatra
696 1499 785 1548 modis.
871 1504 873 1510 '

202 1574 270 1642 5Me
286 1574 353 1640 legat
371 1573 396 1622 in
411 1572 492 1638 ¹sponsi
507 1571 575 1620 facie*
587 1587 637 1622 non
653 1570 738 1638 frigida
753 1569 826 1638 uirgo
842 1586 851 1624 ι

261 1646 294 1698 Et
308 1645 373 1696 rudis
389 1647 477 1712 ignoto
491 1643 568 1693 tallus
584 1660 666 1694 amore
681 1658 752 1709 puer.

225 1720 307 1785 Atque
317 1718 401 1782 aliquis
411 1717 541 1782 juvenum,
554 1732 602 1781 quo
612 1732 676 1766 nunc
686 1733 750 1784 ego,
762 1716 861 1770 saucius
872 1735 947 1778 arcu.

261 1791 385 1858 Agnoscat
400 1791 500 1839 flammae
518 1789 612 1839 conscia
628 1791 694 1856 signa
714 1790 780 1840 suaet

212 1857 376 1929 'Miratusque
385 1863 427 1913 'diu
438 1896 446 1922 ,
458 1861 517 1926 Quo
529 1894 537 1921 ‚
555 1862 620 1911 dicat
631 1895 638 1920 ,
656 1864 686 1912 ab
695 1862 776 1913 indite
787 1862 877 1916 dolius

103 1937 108 1946 ’
182 1958 214 1994 ιο
260 1935 403 2003 Composuit
419 1935 485 1986 casus
500 1933 543 1983 ilie
559 1936 631 2000 po'e'ta
647 1935 741 1986 meos?

223 2011 302 2062 Ausus
318 2027 401 2068 eram,
416 2008 532 2063 memini,
550 2007 654 2058 coelestia
670 2008 752 2060 dicere
769 2010 855 2070 bella„

261 2083 477 2156 Centimanumque
494 2081 606 2148 Gygam
626 2081 652 2132 ὅ(
671 2081 725 2132 satls
740 2083 789 2134 otis
807 2098 882 2135 erat:

223 2155 285 2208 clm
298 2159 359 2206 male
374 2156 397 2205 se
407 2155 494 2204 Tellus
505 2155 557 2203 ulta
570 2153 621 2211 est,
638 2153 774 2222 ingestaque
787 2156 905 2224 Olympo

258 2229 341 2279 Ardua
355 2228 474 2278 devexum
491 2226 577 2276 Pelion
593 2225 650 2277 Ossa
665 2228 731 2278 tulit.

180 2305 250 2370 15111
260 2303 366 2352 manibus
376 2303 468 2351 nimbos
480 2333 487 2359 ‚
502 2301 527 2351 δι
539 2317 592 2349 cum
604 2299 668 2351 Jove
679 2301 785 2359 fulmen3
797 2301 923 2365 habenti,

258 2373 334 2438 Quod
350 2378 413 2424 bene
429 2391 474 2441 pro
488 2375 552 2423 coelo
569 2373 678 2423 mitteret
692 2373 734 2424 ille
752 2374 815 2434 suo,

222 2449 315 2499 Clausit
326 2449 400 2497 amica
409 2448 474 2497 fores
487 2463 494 2497 t
507 2463 555 2514 ego
566 2462 620 2496 cum
630 2445 693 2496 Jove
703 2447 795 2498 fulmen
806 2449 879 2499 omisi
890 2467 900 2502 ι
1000 2450 1008 2462 ”

258 2521 354 2571 Excidit
369 2520 466 2589 ingenio
481 2520 593 2586 Iuppiter
609 2520 657 2584 ipse
671 2536 738 2571 meo.

223 2595 352 2660 luppiter,
369 2593 478 2660 ignoscas
494 2609 501 2643 ε
519 2595 551 2641 nil
567 2609 604 2642 me
618 2605 659 2642 tua
676 2594 724 2643 tela
739 2591 878 2659 juvabant:
918 2631 922 2641 ·

178 2687 213 2724 20
258 2666 344 2717 Clausa
359 2679 402 2716 tuo
418 2664 493 2730 majus
510 2665 580 2730 janua
596 2665 686 2715 fulmen
703 2678 766 2716 etat.

222 2740 351 2792 Blanditias
366 2741 498 2806 elegosque
515 2740 600 2796 leves,
619 2756 672 2789 mea
686 2741 755 2798 tela,
774 2740 899 2794 resumsit

257 2813 402 2864 Mollierunt
418 2810 488 2861 duras
503 2812 568 2860 lenia
583 2815 656 2862 verba
673 2813 748 2864 fores.

223 2887 333 2938 Carmina
351 2885 484 2952 sanguineae
501 2885 623 2935 deducunt
643 2903 732 2935 cornua
746 2886 844 2946 Lunae;

258 2961 290 3012 Et
305 2970 421 3013 revocant
436 2958 522 3010 niveos
538 2959 641 3010 carmina
654 2959 716 3011 Solis
732 2976 821 3028 equos.

817 3033 942 3089 Carmine
