2034 3709
280 795 379 884 P.
460 797 926 887 OVIDH
995 796 1584 889 NASONJS

541 1000 1333 1136 VITA„

156 1204 523 1322 Planus
556 1262 864 1326 Ovlmus
901 1262 1094 1326 NAso
1118 1306 1138 1336 ,
1177 1260 1492 1325 Poetarum
1524 1265 1698 1347 inge-

158 1361 519 1422 niosissimus
539 1408 558 1437 ,
587 1362 869 1424 Sulmone
896 1364 957 1423 in
979 1361 1232 1444 Pelignis
1258 1378 1419 1423 ortus
1447 1362 1528 1424 est
1548 1410 1568 1439 ,
1597 1364 1694 1427 die

156 1462 422 1523 secundo
445 1462 924 1547 Quinquatruum
943 1464 1233 1525 Minervae
1252 1507 1273 1536 ‚
1306 1462 1367 1521 id
1403 1461 1486 1524 est
1515 1466 1694 1525 tertio

158 1562 225 1621 &
257 1563 497 1625 decimo
534 1566 668 1626 Kal.
695 1566 934 1648 Apriles
957 1582 997 1640 ‚'
1021 1586 1179 1625 anno
1219 1561 1292 1623 ab
1332 1561 1514 1625 Urbe=
1539 1585 1694 1625 con-

154 1663 273 1723 dita
306 1683 553 1727 neem.
588 1663 801 1729 Hirtio'
823 1669 889 1729 &
928 1667 1108 1729 Pansa
1143 1662 1468 1727 consulibus
1492 1710 1513 1740 ‚
1549 1683 1687 1728 ante

158 1762 454 1840 Christum
491 1787 691 1830 xuu.
734 1767 922 1829 Natus
958 1783 1156 1832 autem
1196 1765 1278 1829 est
1318 1767 1457 1827 loco
1503 1787 1692 1849 eque·-

152 1862 245 1925 stri
284 1912 307 1943 ,
360 1890 437 1929 ex
490 1867 835 1951 perantiqua
886 1865 1187 1927 Nasonum
1234 1868 1472 1929 familia.
1530 1866 1692 1930 Cum
1731 1944 1736 1947 Ι

153 1962 330 2026 fratre
357 2011 378 2041 ,
413 1969 555 2049 ipsis
597 1969 914 2030 duodecim
947 1967 1243 2029 mensibus
1280 1964 1506 2045 majore
1530 2011 1551 2041 ,
1592 1984 1692 2028 te·-

152 2069 303 2128 neris
332 2070 407 2129 ab
444 2073 609 2131 annis
640 2070 901 2132 excultus
937 2067 1336 2148 institutusque
1364 2064 1572 2141 Romae
1605 2064 1691 2127 est

153 2170 287 2230 tura
316 2173 575 2252 parentis
598 2216 620 2245 ,
653 2168 1011 2251 scholasque
1032 2172 1340 2252 insignium
1380 2165 1690 2250 magistro-,-

152 2289 280 2329 rum
306 2268 722 2353 frequentavin
751 2268 873 2330 Ubi
894 2269 1154 2331 adolevit
1170 2314 1191 2344 ,
1209 2270 1402 2348 *sumta
1435 2268 1578 2351 toga
1604 2269 1690 2339 vif

154 2369 236 2428 rili
257 2414 278 2442 ‚
307 2389 491 2451 quum
520 2390 659 2431 eum
690 2386 857 2451 pater
886 2368 1020 2429 foro
1048 2370 1113 2429 δι
1140 2375 1405 2447 oratoriae
1430 2367 1686 2429 facultati

154 2468 515 2544 destinaffet‚
548 2471 856 2532 rhetoricae
890 2469 1242 2553 professores
1279 2472 1501 2532 audivit
1549 2469 1686 2528 dili-

153 2588 377 2651 genter.
397 2568 823 2631 Declamitavit
853 2586 1050 2630 autem
1071 2615 1091 2645 ,
1118 2572 1214 2651 uti
1235 2593 1344 2631 nos
1379 2570 1556 2631 docet
1585 2568 1686 2629 Se-

154 2689 291 2730 neca
327 2667 1160 2751 pater‚1..11.Contr.u.»
1189 2670 1357 2758 apud
1381 2670 1684 2731 rhetorem

157 2794 190 2827 ι)
220 2768 513 2831 Arellium
554 2770 851 2845 Fuscum,
896 2768 1058 2851 cujus
1100 2771 1330 2833 auditor
1369 2770 1495 2831 fuit.
1523 2813 1540 2829 .
1568 2812 1587 2829 .
1614 2813 1631 2831 .
1663 2812 1682 2833 .

149 2894 180 2930 n
209 2868 425 2935 Oratio
486 2871 614 2956 ejus
671 2870 795 2955 jam
848 2890 975 2935 tum
1032 2872 1174 2934 nihil
1233 2870 1388 2933 aliud
1445 2886 1683 2979 poterat

1336 2993 1370 3033 a
1395 2968 1435 3052 ij
