2034 3709
183 235 465 341 Hanowns.
490 270 567 338 Ea.
594 271 698 340 XIX.
746 293 798 367 99

83 388 113 440 In
127 399 172 438 tua
185 387 208 438 si
222 388 323 440 veniant
339 388 412 438 alieni
428 388 490 437 colla
508 389 613 450 lacerti,

119 462 209 528 Sitque
226 479 305 512 novus
321 462 394 512 nostri
412 460 463 511 finis
479 462 566 512 amoris
583 479 660 514 arnor.

84 533 142 586 Al!
156 535 240 600 potius
254 553 375 600 peream,
389 538 459 602 quam
474 535 574 586 crimine
589 537 703 588 vulnerer
716 537 760 590 isio
776 535 781 590 Ι
809 555 838 590 ιο
845 555 857 603 5

118 607 229 673 Fataque
244 609 293 659 sint
312 608 383 672 culpa
399 607 477 658 nostra
491 608 573 674 priora
591 609 654 660 tud!

84 680 136 729 Nec
154 682 213 746 quia
229 682 327 731 venturi
344 681 439 731 dederis
454 682 513 731 mihi
528 683 596 750 signa
612 683 722 746 doloris,
781 713 784 720 »

117 752 180 803 Haec
195 755 305 821 loquor3
323 768 364 805 aut
380 755 441 804 sami
456 753 576 806 solicitata
592 757 666 808 novi.

85 825 173 876 Omnia
190 828 234 878 sed
248 845 338 881 vereor
354 845 361 879 ι
378 828 431 894 quis
447 829 511 878 enim
526 829 623 880 securus
640 827 749 882 amavit?

117 897 194 967 Cogit
211 901 364 952 &absentes
380 903 448 968 plura
464 903 551 952 timere
568 905 647 956 locus.
808 920 857 957 110

84 972 176 1023 Pelices
192 974 265 1033 illas,
285 976 325 1026 sua
340 993 399 1042 quas
417 975 544 1042 praesentia
559 975 625 1027 nosse

117 1045 227 1097 Crimina
242 1065 302 1098 vera
319 1047 405 1113 jubet,
427 1049 483 1100 salsa
499 1049 585 1100 timere
603 1051 691 1102 vetat!

82 1119 134 1169 Nos
150 1132 201 1171 tarn
217 1139 280 1170 vana
295 1135 401 1180 movet,
416 1116 489 1188 'quam
507 1122 568 1172 sassa
581 1122 668 1188 injuria
683 1123 764 1177 saliit:

116 1193 206 1244 incitat
223 1194 250 1244 δι
269 1195 361 1246 morsus
377 1212 446 1245 error
463 1208 567 1260 uterque
586 1213 665 1262 pares.

83 1264 131 1316 0.
125 1266 131 1296 '
149 1267 243 1317 utinam
261 1267 373 1318 venias!
392 1280 436 1318 aut
453 1281 482 1318 ut
498 1280 618 1318 ventusve
636 1282 754 1336 paterve,
805 1283 853 1336 115

116 1339 244 1407 Causaque
260 1343 292 1391 sit
311 1353 385 1392 certae
403 1341 492 1392 semina
511 1343 576 1390 nulla
594 1343 689 1392 morae!

83 1412 372 1480 Quodsiquamsciero,
383 1415 490 1474 moriar,
501 1415 660 1474 mihicrede,
673 1415 789 1468 dolendo.

114 1485 261 1538 lamundum
278 1505 386 1554 peccas,
404 1489 425 1538 si
441 1505 495 1538 mea
514 1489 564 1540 sara
579 1489 654 1556 petis.

81 1559 127 1610 Sed
142 1578 224 1628 neque
239 1561 372 1627 peccabis,
388 1561 520 1628 frustraque
538 1579 585 1630 ego
600 1575 696 1614 terreor
711 1561 779 1616 illis:

114 1633 224 1700 Quoquo
239 1633 316 1687 minls
331 1635 434 1693 venias,
451 1635 533 1684 invida
549 1648 640 1702 pugnat
656 1635 741 1686 hiems.
800 1648 850 1687 120

81 1705 122 1757 Me
137 1708 249 1758 miseram
266 1707 272 1756 !
290 1721 381 1774 quanto
397 1710 544 1779 planguntur
560 1709 632 1758 litora
648 1707 739 1758 fludio!

112 1781 145 1830 Et
161 1783 223 1832 latet
238 1780 339 1832 obscur&
354 1781 452 1832 condita
467 1783 532 1832 nube
549 1781 610 1832 dies.

78 1853 189 1906 forsitan
204 1854 235 1903 ad
251 1864 352 1921 pontutn
367 1866 444 1906 mater
459 1855 498 1920 pia
514 1855 610 1906 venerit
624 1852 731 1906 Helles!

110 1927 242 1996 Mersaque
258 1928 345 1979 roratis
363 1940 419 1978 nata
433 1928 520 1978 fleatur
534 1928 620 1995 aquis:

78 1999 114 2051 An
129 2017 216 2060 mare,
236 2002 268 2052 ab
284 2000 361 2052 inviso
374 2000 489 2069 privigna
506 1999 846 2068 nominedidium,125
926 2009 927 2012 ’

110 2073 218 2129 Vexat
211 2091 237 2123 ιιι
252 2091 389 2142 aequoream
404 2075 474 2125 versa
492 2091 599 2125 noverca
616 2073 720 2124 Deam?

78 2149 131 2206 Non
147 2148 235 2206 favet,
251 2159 280 2198 ut
298 2165 363 2198 nunc
379 2147 433 2208 ess,
451 2147 550 2228 teneris(
559 2149 628 2198 locus
643 2147 685 2202 ine
701 2147 797 2215 puellis.

108 2216 165 2271 Hac
182 2219 258 2271 Helle
272 2221 365 2288 petiit,
384 2221 430 2272 hac
446 2238 495 2290 ego
511 2201 588 2272 laedor
605 2237 677 2288 aqua.

76 2293 166 2346 Attibi
180 2295 327 2344 flammarum
341 2294 461 2353 memori,
480 2295 616 2362 Neptune,
635 2307 730 2346 tuarum

98 2353 197 2420 Nullus
214 2379 266 2418 erat
277 2368 358 2418 ventis
371 2367 537 2435 impediendus
555 2384 643 2419 amor·
794 2381 846 2434 130

76 2441 98 2492 Si
114 2457 194 2508 neque
210 2440 368 2510 Amymone,
384 2459 432 2492 nec
447 2441 607 2492 laudatissima
623 2439 700 2493 forna

109 2513 221 2566 Criminis
236 2513 271 2579 esi
284 2515 308 2564 T
307 2515 452 2584 yrosabula
465 2532 528 2565 vana
542 2515 598 2574 tui,

71 2588 210 2656 Lucidaque
226 2533 361 2656 Alcyone,
380 2586 502 2654 Circeque
517 2588 544 2638 δι
559 2589 680 2674 Alymone
694 2600 770 2648 nata,

107 2662 138 2713 Et
152 2661 261 2715 nondum
276 2662 346 2714 nexis
358 2678 438 2730 angue
453 2661 557 2712 Medusa
573 2662 669 2722 comis;

75 2737 191 2804 Flavaque
208 2734 337 2793 Laodice,
356 2738 468 2821 coeloque
484 2747 585 2802 recepta
602 2737 723 2795 Celaeno,
790 2743 818 2798 13
826 2745 839 2794 5

106 2809 136 2860 Et
151 2825 252 2877 quarum
266 2808 364 2860 memini
380 2809 476 2879 nomina
491 2809 553 2860 Ietta
569 2803 635 2860 milii.

74 2881 120 2947 Has
135 2881 205 2934 certe
218 2884 350 2951 pluresque
369 2895 475 2940 canunt,
491 2885 628 2950 Neptune,
646 2881 727 2950 po'e'tae
771 2907 774 2914 ·

103 2956 183 3027 Molle
199 2958 266 3011 letus
279 2955 352 3010 lateri
369 2956 525 3027 composuisse
539 2969 594 3010 tuo.
702 2991 705 2998 -

680 3017 732 3116 'aij
