2034 3709
207 267 281 340 ¹14
327 247 371 315 P.
395 247 581 317 Orrvrr
608 244 838 318 Nasonis

144 384 174 433 ¹7
180 370 287 434 5Turpe
303 366 348 419 tibi
364 365 416 425 ess,
434 366 503 415 illurn
517 365 598 416 causas
614 367 739 433 depellere
755 369 823 428 leti3

238 441 277 491 Te
296 451 382 490 contra
398 440 494 489 titulum
510 440 596 490 mortis
612 441 703 492 babere
718 457 793 492 rneae.

203 514 346 580 Numquid,
364 514 389 563 in
402 513 515 562 umbroso
531 510 584 563 clam
600 515 677 564 velles
693 513 764 564 sonte
779 514 856 566 lavari
868 549 881 576 ‚

239 588 380 653 Imprudens
395 588 477 637 vultus
494 587 525 636 ad
542 598 584 636 tut
601 587 666 636 labra
683 585 754 636 tuli?

203 659 345 712 Praeteriine
359 674 413 710 tuas
429 660 460 710 de
476 671 516 710 tot
530 657 667 710 coelesiibus
682 658 760 712 arar?

146 732 195 783 180
241 735 324 801 Atque
340 746 381 783 tua
397 733 432 783 esi
447 731 527 784 nostri
544 733 623 799 spreta
639 747 741 799 parente
757 732 870 799 parens?

204 809 246 857 Nil
261 825 308 876 ego
324 808 444 874 peccavi,
465 807 511 857 nisi
525 806 592 873 quod
607 806 713 873 perjuria
729 807 779 874 legi
792 825 803 866 ;

242 881 318 946 Inque
335 895 421 947 pamm
436 879 513 930 fausto
530 879 637 930 carmine
654 879 723 930 dosia
740 880 787 930 sui.

205 955 246 1002 Tu
265 970 362 1020 quoque
380 970 427 1020 pro
441 954 532 1012 nobis,
548 953 570 1004 si
586 970 636 1003 non
653 953 763 1004 mentiris
777 970 887 1004 amorem
898 987 911 1022 Α,

241 1026 308 1077 Tura
326 1025 390 1076 seras
407 1041 415 1077 t
431 1027 545 1093 prosint,
562 1043 615 1092 quae
631 1043 759 1086 nocuere,
776 1044 871 1078 manus.

152 1102 199 1164 185
214 1100 284 1158 Cur,
298 1117 352 1167 quae
369 1099 511 1158 succenset,
529 1100 596 1166 quod
609 1098 688 1150 adhuc
701 1099 745 1150 tibi
759 1100 832 1165 padia
847 1101 932 1168 puella
1007 1121 1008 1166 i

242 1174 301 1222 Non
319 1186 362 1223 ttta
377 1173 427 1233 sit,
448 1172 501 1223 sieri
518 1189 549 1222 ne
566 1185 609 1223 tua
627 1173 723 1238 possit,
743 1172 814 1240 agit?

207 1247 296 1297 Omnia
311 1247 343 1296 de
358 1247 416 1296 viva
432 1247 476 1296 tibi
491 1246 546 1296 sunt
560 1246 675 1312 speranda
690 1263 697 1296 :
715 1245 772 1312 quid
790 1248 874 1296 aufert

243 1320 313 1371 Saeve
329 1319 389 1368 nrihi
406 1319 500 1377 vitam,
518 1319 583 1386 spem
600 1320 644 1370 ribi
661 1320 727 1368 Diva
743 1317 811 1368 mei?

208 1393 262 1441 Nec
281 1405 308 1441 tu
326 1391 458 1443 crediderit
473 1393 560 1450 illum,
580 1393 621 1442 cui
639 1393 744 1442 deffinor
759 1409 846 1452 uror,

149 1482 199 1530 ¹90
244 1463 321 1532 AEgra
337 1465 490 1531 superpositi
505 1467 612 1516 membra
630 1465 716 1516 fovere
732 1483 815 1516 manu.

209 1537 309 1588 Assidet
323 1537 365 1587 ille
382 1539 499 1604 quidem,
519 1550 632 1605 quantum
647 1539 795 1605 permittitur
811 1539 880 1605 ipsi;

247 1611 295 1660 Sed
308 1611 417 1661 meminit
433 1611 538 1662 noslrurn
553 1611 651 1680 virginis
668 1611 715 1662 effe
729 1625 821 1662 torum.

210 1684 264 1736 Jarn
281 1700 379 1751 quoque
394 1684 476 1734 nescio
492 1685 549 1752 quid
565 1687 595 1736 de
612 1701 652 1735 me
666 1683 760 1736 sensisse
777 1685 901 1742 ridetur,
1007 1697 1008 1746 g

247 1757 312 1806 Nam
329 1758 443 1824 lacrymae
456 1757 529 1807 causi
545 1755 607 1825 sepe
623 1759 715 1808 latente
733 1757 834 1808 cadunt.

153 1845 200 1893 195
213 1829 244 1878 Et
262 1829 340 1881 minuc
354 1829 469 1880 audasler
484 1829 625 1890 blanditur,
647 1831 674 1882 δι
690 1831 772 1882 oscula
791 1847 845 1880 rata
857 1849 872 1876 x

248 1902 367 1970 Accipit,
384 1903 410 1954 δι
423 1903 509 1954 timido
525 1919 564 1954 me
580 1914 655 1954 vocat
671 1912 715 1954 ote
732 1905 806 1954 suam.

213 1979 268 2026 Nec
286 1977 363 2029 miror¹
377 1975 490 2034 sensisse,
508 1977 572 2026 notis
586 1975 640 2026 clim
656 1977 745 2043 prodar
761 1977 853 2043 apertis
865 1991 874 2027 t

240 2047 279 2098 xIn
296 2051 406 2100 dextrum
420 2049 523 2108 versor,
539 2047 594 2099 crim
608 2050 676 2100 venit
694 2051 754 2108 ille,
773 2051 845 2100 latus.

213 2124 268 2171 Nec
282 2125 389 2189 loquor,
408 2124 435 2173 dt
447 2123 514 2172 testo
529 2123 655 2173 simulatur
669 2124 759 2174 lumine
775 2123 893 2180 somnum

98 2230 101 2239 ι
152 2213 204 2246 200
251 2196 396 2262 Captantem
412 2195 490 2246 casius
506 2195 642 2262 rejicioque
658 2213 763 2247 manum.

213 2269 336 2334 lngemit,
355 2269 383 2319 bt
397 2270 474 2320 tacito
491 2269 588 2336 suspirat
604 2267 704 2336 pestere
723 2284 835 2332 :meque

252 2340 393 2402 Offensum,
410 2343 518 2408 quamvis
535 2359 585 2393 non
599 2353 741 2401 mereatur,
758 2343 843 2391 habet.

215 2412 264 2462 Hei
282 2414 340 2464 mibi
356 2413 363 2464 !
378 2415 444 2484 quod
458 2415 549 2484 gaudes
559 2415 611 2476 „dt
625 2427 651 2466 te
667 2413 736 2482 iuvat
750 2415 790 2464 ista
804 2415 935 2481 voluptas.
1007 2427 1008 2464 l

252 2485 301 2536 Hei
316 2487 374 2537 mibi
389 2486 396 2538 l
411 2489 477 2555 quod
493 2488 571 2540 sensus
589 2489 638 2540 sum
653 2489 698 2540 tibi
714 2487 769 2539 falsa
785 2505 866 2540 meos.
1007 2505 1008 2512 ¹

155 2575 204 2623 205
221 2559 246 2608 Si
259 2559 319 2609 mibi
333 2561 414 2627 lingua
431 2561 516 2620 soret;
534 2575 561 2613 tu
578 2563 655 2613 nostri
671 2561 753 2628 justius
765 2561 820 2620 iri,

254 2631 304 2696 Qui
319 2633 378 2682 mihi
395 2636 513 2685 tendebas
528 2636 607 2696 retia,
628 2637 712 2702 dignus
729 2651 792 2686 eras.
890 2621 907 2666 q

217 2707 324 2766 Scribis,
341 2718 370 2756 ut
383 2706 515 2758 invalidum
532 2709 606 2760 liceat
621 2711 665 2759 tibi
683 2709 760 2759 visere
780 2725 892 2776 corpus:
1007 2705 1008 2708 Ἴ

253 2779 286 2828 Es
302 2780 516 2845 proculanobis‚
541 2781 566 2832 δι
582 2795 663 2832 tumen
680 2782 736 2832 inde
752 2799 838 2833 noces.
902 2795 904 2809 ’
1007 2841 1008 2850 ¹

218 2851 325 2904 Mirabar
335 2870 433 2920 ,quare
449 2855 492 2921 tibi
507 2869 597 2905 nomen
612 2855 730 2906 Acontius
748 2855 829 2905 esset:

157 2938 209 2976 210
256 2925 332 2991 Quod
345 2927 417 2980 saciat
433 2926 508 2998 longe
522 2930 628 2992 vulnus,
645 2945 746 2980 acumen
761 2929 849 2979 habes.
