2034 3709
147 264 301 334 Lauare
325 266 578 335 I.·EuucrA
606 270 703 338 XIV.
732 292 802 365 141

97 381 163 434 Ante
177 399 245 432 meos
260 383 322 448 saepe
335 383 370 433 est
386 385 472 434 oculos
489 397 595 446 ornatu
614 405 661 440 nec
678 406 789 458 umquam

133 455 233 505 Brachia
249 455 351 522 derepti
368 455 446 507 saucia
461 457 521 508 iecit
537 475 592 509 acu.

98 526 166 594 Saepe
182 530 273 587 etiam,
292 529 400 580 nondum
414 529 510 596 digestis
525 547 595 582 mane
613 534 722 600 capillis.

134 600 259 668 Purpureo
275 602 352 669 jacuit
365 603 517 668 semi-lupina
531 615 598 655 toro.
816 627 850 662 zo

96 672 159 723 Tum
171 691 268 740 quoque
278 687 332 725 erat
340 675 450 742 negleiia
459 676 548 727 decens
560 678 716 730 :ut'l'hrecia
722 680 833 745 Bacche,

131 745 196 797 Cdm
212 760 305 798 temere
322 748 348 798 in
363 748 434 798 viridi
449 751 556 816 gramine
573 749 627 801 lalia
644 752 719 818 jacet.

97 817 158 870 (tim
174 820 279 887 graciles
292 819 368 871 client
380 833 481 880 tamen,
500 822 527 873 δι
540 824 659 892 lanuginis
672 826 761 888 instar,

133 892 192 942 Heu
211 892 217 942 Ξ
237 894 298 942 mala
313 891 407 945 vexatae
423 907 512 961 quanta
528 898 607 946 tulere
619 893 634 957 ,¹
647 901 744 952 comael

97 963 179 1028 Quim
194 966 390 1033 sepraehuerunt
405 967 472 1018 ferro
487 968 609 1035 patienter
625 970 651 1023 δι
667 972 734 1042 igni,
818 987 850 1039 25

134 1039 171 1089 Ut
186 1037 258 1090 fieret
273 1052 341 1090 torto
357 1041 443 1092 flexilis
461 1044 520 1092 orbe
537 1042 621 1094 sinus!

99 1111 255 1183 clamabam,
274 1113 359 1164 Scelus
373 1113 427 1173 est,
444 1114 500 1165 illos
517 1114 593 1167 scelus
610 1132 683 1168 urere
698 1117 787 1171 crines.

134 1185 227 1252 Sponte
244 1186 356 1236 decent:
372 1185 465 1253 capiti,
480 1187 580 1248 ferrea,
600 1205 672 1254 parce
690 1205 743 1242 tuo.
792 1193 795 1198 '

97 1257 153 1312 Vim
171 1260 259 1324 procul
275 1259 332 1309 hinc
347 1276 448 1310 remove
463 1275 472 1311 t
489 1277 539 1310 non
557 1261 647 1330 estqui
663 1263 751 1314 debeat
767 1265 822 1317 urit

132 1330 217 1383 Erudit
232 1332 341 1382 admotas
355 1332 405 1398 ipse
421 1333 520 1398 capillus
537 1351 604 1385 acus.
815 1351 850 1405 30

96 1403 216 1454 Formosae
233 1406 329 1472 periere
345 1423 420 1456 comae
437 1422 445 1455 t
463 1423 520 1472 quas
536 1409 612 1457 vellet
628 1407 740 1476 Apollo,

14 1478 15 1521 l
80 1479 85 1487 ”
133 1477 201 1542 Quas
217 1479 295 1528 vellet
311 1479 383 1544 capiti
395 1478 504 1529 Bacchus
518 1479 591 1530 inesse
609 1481 659 1532 suo.

14 1544 15 1563 ³
97 1549 145 1600 illis
163 1551 327 1610 contulerim,
346 1569 405 1618 quas
420 1551 540 1618 quondam
556 1554 619 1602 nuda
634 1555 717 1605 Dione

132 1621 242 1691 Pingitur
257 1625 365 1687 humenti
382 1623 508 1675 sustinuisse
526 1621 604 1676 manu.
702 1672 705 1677 .

96 1695 162 1760 Quid
178 1699 241 1746 male
260 1697 387 1764 dispositos
404 1699 512 1764 quereris
527 1697 620 1766 periille
638 1699 760 1765 capillos?
815 1715 848 1768 35

132 1769 199 1832 Quid
213 1770 429 1839 speculumlmaesti
444 1771 531 1838 ponis,
549 1773 648 1838 inepta,
667 1772 760 1824 manui

14 1868 15 1889 1
96 1842 153 1892 Non
166 1844 231 1892 bene
248 1843 369 1894 consuetis
383 1863 396 1894 a
413 1857 438 1893 te
456 1844 565 1910 spettaris
582 1845 677 1896 ocellis.

14 1956 15 1969 2
132 1915 168 1965 Ut
184 1917 300 1981 placeas,
317 1917 391 1967 debes
406 1917 531 1967 immemor
548 1916 595 1967 elle
613 1918 660 1968 tui.

14 2044 15 2049 ,
96 1987 154 2040 Non
169 2000 196 2038 te
214 2001 315 2040 cantatae
330 1989 441 2041 laeserunt
456 1989 549 2056 pellicis
565 1990 668 2040 herba:

131 2063 190 2112 Non
204 2079 265 2114 anus
279 2061 405 2113 Haemonii
420 2061 512 2130 perfida
526 2063 584 2112 lavit
599 2061 670 2129 aquai.
815 2079 851 2126 40

14 2134 15 2189 l
96 2133 150 2186 Nec
166 2134 210 2184 tibi
225 2135 263 2184 vis
278 2136 355 2185 morbi
369 2136 473 2195 nocuit5
490 2134 501 2200 (
517 2136 603 2203 procul
619 2151 691 2186 omen
707 2135 787 2189 abelio
799 2140 830 2206 a)

131 2209 187 2257 Nec
205 2207 290 2257 minuit
306 2207 389 2258 densas
405 2207 485 2258 invida
501 2209 581 2275 lingua
596 2225 686 2260 comas.

96 2279 167 2332 fasta
182 2298 254 2330 manu
268 2280 387 2347 culpique
403 2280 444 2330 tui
460 2281 580 2346 dispendia
599 2282 685 2333 sentis:

132 2353 185 2420 lpsa
202 2355 273 2404 dabas
290 2355 362 2420 capiti
379 2353 452 2403 mixta
468 2370 563 2404 venena
578 2365 631 2405 tuo.

97 2426 168 2476 Nunc
185 2427 228 2476 tibi
243 2427 352 2494 captivos
369 2427 450 2476 mittet
466 2427 596 2477 Germania
614 2426 712 2480 crines:
814 2442 848 2492 45

134 2500 206 2550 Culta
221 2501 374 2566 triumphatae
389 2516 489 2550 munere
505 2500 584 2567 gentis
601 2501 657 2552 cris.

97 2571 124 2624 0
141 2573 148 2621 l
163 2576 233 2639 quim
250 2573 333 2638 saepe,
352 2589 433 2622 comas
447 2572 528 2639 aliquo
544 2573 664 2634 mirante,
680 2572 798 2624 rubetis!

133 2645 170 2696 Et·
180 2646 265 2704 dices,
283 2645 353 2697 Emti
370 2662 433 2694 nunc
449 2663 496 2713 ego
514 2661 594 2696 merce
610 2646 720 2714 probor!

14 2746 15 2753 κ
98 2717 186 2768 Nescio
202 2735 272 2786 quam
286 2737 331 2785 pro
346 2736 384 2768 me
398 2718 480 2784 laudat
497 2736 560 2768 nunc
576 2719 616 2769 ille
630 2721 803 2787 Sygambram:

133 2791 203 2841 Fama
220 2805 321 2850 tamen,
339 2791 454 2850 memini,
473 2791 526 2841 cirm
543 2793 588 2841 fuit
604 2793 645 2842 ilia
660 2793 717 2841 mei.
817 2805 850 2851 50

99 2862 142 2913 Me
152 2863 282 2914 miserum!
297 2867 413 2932 lacrymas
425 2866 486 2914 male
498 2865 607 2915 continet
619 2883 629 2924 ;
645 2881 736 2932 oraque
749 2863 834 2915 dextri

133 2935 262 3011 Protegit,
279 2939 395 3010 ingenuas
410 2938 472 3008 piiia
489 2940 578 2990 rubore
594 2953 680 3009 genas.
