2034 3709
130 272 793 375 urnnnrnnrnomxru163
879 238 883 245 ’

82 392 165 445 Elabar
180 392 279 461 digito,
296 391 403 458 quamvis
419 391 531 462 angustus
547 391 574 443 ὅ(
590 392 686 446 herena
696 398 719 455 3*

114 467 191 534 Inque
209 466 287 517 sinum
303 464 362 516 mire
379 467 446 518 laxus
463 469 492 517 ab
507 479 561 516 arte
579 467 673 519 cadam.

81 540 146 591 idem
160 556 229 608 ego,
247 552 275 589 ut
289 556 387 591 arcanas
402 542 493 606 possim
507 540 609 608 signare·
618 544 739 604 tabelias,
806 560 837 611 15
861 576 864 580 -

113 616 187 664 Neve
202 626 278 665 tenax
293 630 374 663 ceram
391 617 487 665 siccave
505 630 598 682 gemma
613 617 717 677 mhetc

27 737 30 746 .
81 686 183 738 Humida
201 686 314 737 formosae
330 700 426 756 tangam
443 690 511 755 prius
527 704 570 739 ora
588 690 687 755 puelle.
784 708 788 713 ’

114 757 222 810 Tantum
240 776 272 810 ne
287 761 379 829 signem
397 762 484 828 scripta
499 760 605 812 deiende
620 762 702 814 mihil

80 834 104 885 si
119 835 216 892 dabor,
235 846 263 883 ut
280 835 371 885 condar
385 836 492 895 loculic3
512 836 578 885 exire
595 837 694 904 negabo
702 868 719 897 ,.

113 907 257 977 Astringens
274 907 363 974 digitos
379 910 438 959 orbe
453 910 547 959 minore
561 920 628 959 tuos.
805 926 839 963 ιο

79 982 135 1031 Non
151 998 201 1049 ego
218 980 334 1032 dedecori
348 982 392 1031 tibi
408 982 471 1040 sim,
491 998 545 1032 mea
561 982 631 1041 vita,
649 982 767 1044 futurus,

115 1054 225 1119 Quodve
237 1065 313 1177 Seuer
330 1055 417 1123 digitus
435 1057 500 1107 ierre
514 1057 722 1118 recusetmnus.

79 1127 123 1179 Me
142 1144 220 1195 gere,
257 1124 296 1177 cim
313 1130 393 1179 calidis
412 1130 566 1195 perfunderis
584 1128 700 1180 imbribus
714 1142 800 1182 artus:

112 1202 261 1268 Damnaque
275 1200 316 1251 sub
333 1218 425 1268 gemma
439 1204 523 1269 perfer
537 1202 617 1252 euntis
634 1219 711 1268 aque.

80 1276 143 1335 Sed,
155 1286 236 1343 puto,
248 1283 274 1325 te
285 1276 363 1334 nuda,
374 1289 428 1327 mea
439 1278 546 1326 membra
556 1274 654 1327 libidine
665 1276 784 1345 surgent,
803 1291 836 1343 25

114 1350 147 1399 Et
161 1364 277 1417 peragam
293 1361 375 1414 partes
391 1352 493 1401 annulus
510 1350 553 1400 iile
568 1348 624 1403 viri.

78 1422 150 1473 Irrita
165 1424 225 1489 quid
239 1438 322 1472 voveo
335 1420 346 1472 ἓ
364 1440 463 1491 parvum
477 1422 633 1491 proficiscere
648 1439 754 1477 munus:

115 1498 161 1547 lile
178 1498 258 1546 datam
274 1506 356 1547 tecum
371 1497 457 1548 sentiat
474 1496 523 1548 effe
538 1496 621 1549 fidem.

114 1604 763 1679 «πέῧὶκ--ή--ῦ
854 1631 856 1634 ·

228 1724 486 1789 ELEGIA
536 1727 664 1792 XVI.

79 1820 203 1937 Pinus
220 1904 260 1937 me
277 1888 360 1938 Sulmo
375 1898 445 1937 tenet
460 1882 554 1956 Peligni
570 1886 644 1938 tertia
658 1885 744 1945 riuis}
849 1942 855 1949 ,

114 1958 210 2019 Parva,
228 1960 268 2011 sed
284 1960 378 2027 irriguis
395 1977 437 2010 ora
453 1959 551 2011 salubris
568 1962 646 2027 aquis.

79 2030 122 2083 Sol
138 2034 198 2083 iicet
214 2034 314 2083 admoto
329 2034 442 2084 tellurem
456 2034 537 2084 sidere
551 2033 645 2093 findat,

114 2105 148 2156 Et
164 2108 238 2157 micet
253 2100 325 2159 Icarii
342 2106 407 2156 stella
424 2120 540 2173 proterva
558 2108 644 2165 canis;

79 2178 145 2229 Arva
163 2193 321 2247 pererrantur
334 2179 433 2247 Peligna
450 2181 596 2247 iiquenuiuus
612 2178 703 2242 undis,
804 2192 819 2244 5

114 2253 148 2303 Et
161 2254 225 2303 viret
242 2254 267 2304 in
283 2266 371 2305 tenero
388 2251 476 2303 fertilis
490 2254 566 2304 herba
582 2253 643 2304 solo.

78 2325 157 2376 Terra
170 2328 239 2378 ferax
256 2326 354 2379 Cereris
365 2327 518 2395 ,multoque
533 2327 642 2378 feracior
654 2342 730 2377 uvae:

113 2400 167 2451 Dat
186 2418 283 2467 quoque
300 2400 444 2455 bacciferam
460 2398 557 2451 Pallada
573 2415 654 2471 gratus
668 2415 744 2468 ager:

78 2472 174 2540 Perque
188 2468 342 2543 reiurgentes
357 2474 413 2524 rivis
428 2472 564 2525 labentibus
578 2476 664 2525 herbas

115 2548 262 2599 Gramineus
279 2548 396 2598 madidam
414 2547 497 2613 cespes
515 2548 641 2599 obumbrat
656 2549 772 2597 humum:
803 2560 835 2596 ιο

77 2620 112 2672 At
125 2638 194 2672 meus
210 2622 273 2690 ignis
288 2622 361 2672 abest.
376 2622 464 2675 Verbo
478 2622 633 2688 peccavimus
649 2636 718 2671 uno:

113 2694 177 2759 Quae
196 2707 281 2757 movet
295 2696 416 2753 ardores,
432 2694 465 2744 eii
478 2696 586 2762 procui;
606 2694 678 2745 ardor
692 2691 768 2743 adest.

77 2768 134 2817 Non
150 2785 217 2837 ego,
237 2769 258 2820 si
274 2769 367 2819 medius
383 2766 484 2819 Polluce
501 2770 528 2820 δι
543 2768 642 2819 Castore
658 2782 755 2836 ponar,

114 2842 141 2890 in
160 2843 218 2891 coeii
235 2842 287 2893 sine
303 2855 330 2893 te
346 2854 415 2909 parte
431 2840 497 2892 fuisse
515 2842 597 2894 velim.

78 2914 172 2965 soliciti
187 2914 304 2980 jaceant,
324 2916 436 2981 ternique
453 2929 591 2980 premantur
606 2911 714 2982 iniqui,¹
800 2924 830 2973 15

112 2989 142 3040 ln
156 2990 244 3059 iungas
258 2990 341 3041 orbem
357 2990 397 3057 qui
414 2989 514 3040 secuere
528 2990 588 3041 vias.
