2034 3709
179 237 256 334 276
306 237 513 309 Ονιυιι
539 235 796 310 ΝΑεσΝιε

152 359 223 409 Tunc
231 357 312 412 animo
319 358 400 426 signa,
410 357 579 424 quodcumque
588 356 612 405 in
622 372 725 424 corpore
734 360 831 411 mendae
841 360 897 413 eff:

214 431 362 497 Luminaque
378 431 403 479 in
418 431 482 481 vitiis
497 430 561 481 illius
576 447 653 496 usque
669 443 737 482 tene.

153 504 262 556 Forsitan
270 506 323 555 hec
332 504 416 570 aliquis
424 538 432 562 ,
441 520 497 553 nam
504 503 558 554 sunt
568 519 681 571 quoque,
691 519 764 571 parva
772 507 894 558 vocabirr

116 593 169 637 420
215 578 283 634 Sed,
300 595 352 644 que
366 594 416 627 oon
427 576 527 642 prosunt
539 577 653 644 singula,
668 579 745 628 multa
756 574 856 645 jurani.

178 649 254 701 Parva
270 662 344 702 necat
358 650 436 701 morsu
451 649 577 715 spatiosum
592 650 677 715 vipera
692 662 809 703 taurum:
876 691 880 697 .

169 770 173 775 ,
216 723 240 773 Α
257 740 317 774 cane
333 740 382 773 non
397 739 485 791 magno
501 723 563 789 saepe
579 734 678 773 tenetur
692 740 761 789 aper.

178 796 219 847 Tu
232 795 325 851 rantum
338 813 438 847 nurnero
453 812 551 863 pugna;
570 806 740 862 praeceptaque
755 797 780 846 in
797 815 880 849 unum·

215 870 340 921 Contrahe
355 886 362 921 z
379 871 409 920 de
424 870 505 919 multis
521 868 615 937 grandis
633 885 734 919 acervus
751 871 810 921 erit.

115 956 167 1008 425
177 941 227 993 Sed
241 944 353 1010 quoniam
367 960 447 994 mores
461 942 583 1001 totidem,
597 942 749 1008 totidemque
764 942 877 1011 sigurae5

213 1017 272 1067 Non
286 1015 341 1067 sunt
354 1016 449 1082 judiciis
466 1015 546 1065 omnia
562 1015 639 1065 danda
654 1015 723 1066 meis.

112 1146 114 1151 .
178 1088 237 1152 Quo
253 1102 295 1141 rua
310 1107 361 1141 non
376 1088 472 1157 possunt
487 1088 577 1139 offendi
592 1088 689 1154 pestora
705 1088 797 1149 sasio;

214 1164 325 1214 Forsitan
339 1165 387 1213 hoc
398 1197 410 1222 ,
421 1163 473 1213 alio
485 1161 584 1228 judice,
602 1161 693 1213 crimen
708 1163 765 1213 erit.

178 1235 241 1294 lue,
259 1238 325 1304 quod
342 1238 457 1289 obscenas
473 1235 498 1285 in
515 1247 600 1302 aperto
614 1251 719 1302 corpore
734 1248 823 1303 partes

114 1321 169 1373 430
213 1309 337 1368 Viderat3
354 1310 380 1360 in
396 1310 466 1361 cursu
479 1310 523 1375 qui·
535 1309 598 1367 suit,
616 1309 687 1359 haesit
702 1324 791 1359 amor:
833 1348 835 1353 ,

177 1382 223 1433 ilie
239 1384 325 1449 quod,
340 1400 356 1431 a
370 1383 475 1434 Veneris
490 1384 564 1433 rebus
581 1382 693 1450 surgente
709 1382 814 1449 puelli,

212 1454 283 1505 Vidit
299 1458 324 1504 in
337 1456 458 1507 immundo
475 1455 543 1523 signa
558 1456 668 1521 pudenda
684 1469 750 1507 roro.

180 1526 275 1579 luditis
289 1526 306 1577 ὃ
321 1528 328 1576 !
344 1529 366 1579 si
381 1545 443 1595 quos
459 1540 593 1594 potuerunt
609 1528 651 1578 ista
664 1545 792 1589 morem

211 1600 329 1651 Afflarant
344 1602 432 1669 tepidae
448 1602 547 1669 pestorn
562 1600 640 1653 vestra
655 1602 730 1653 faces.

113 1686 147 1738 43
152 1689 165 1737 5
176 1673 292 1726 Attrahet
307 1677 349 1725 ille
364 1692 426 1742 puer
439 1688 570 1726 contentos
586 1672 671 1726 fortiis
686 1692 780 1735 arcus,-

212 1747 299 1799 Saucia
314 1748 430 1814 majorem
444 1750 515 1799 turba
528 1748 617 1815 petetis
634 1764 716 1814 opem.

176 1818 266 1886 Quid?
281 1822 322 1889 qui
335 1823 396 1873 clam
410 1822 480 1873 latuit
494 1820 612 1871 reddente
628 1821 731 1871 obscena
745 1820 831 1887 puelli
843 1840 854 1881 3

210 1894 242 1944 Et
257 1894 336 1955 vidit,
354 1913 408 1962 quae
423 1912 475 1946 mos
489 1894 539 1961 ipse
557 1892 641 1945 ridere
657 1891 748 1945 vetat?

174 1966 209 2018 Di
224 1968 328 2026 melius,
345 1971 415 2035 quim
431 1986 476 2020 nos
492 1982 631 2019 moneamus
646 1967 703 2017 talin
718 1967 890 2035 quemquami

112 2055 166 2104 440
210 2040 247 2093 Ut
261 2042 373 2108 prosint,
390 2059 440 2093 non
455 2042 508 2093 suot
522 2040 668 2107 experienda
683 2053 775 2093 tamen.

173 2113 269 2181 Horror
284 2115 331 2175 dc,
349 2126 377 2166 ut
392 2116 483 2181 pariter
497 2116 565 2165 binas
579 2114 686 2164 habeatis
703 2113 795 2163 amicas
803 2127 816 2173 3

208 2187 306 2238 Fortior
320 2187 372 2247 est,
391 2190 474 2256 plures
490 2188 511 2239 si
528 2188 583 2255 quis
596 2188 686 2237 habere
702 2186 791 2252 potest.

106 2319 111 2323 .
172 2258 244 2311 Secta
257 2259 389 2328 bipartito,
407 2260 463 2312 ciun
475 2278 543 2313 mens
560 2260 670 2311 discurrit
683 2272 788 2328 utroque
798 2292 814 2321 2

208 2333 317 2387 Alterius
333 2335 398 2385 vires
415 2335 533 2386 subtrahit
546 2336 607 2385 alter
622 2350 703 2385 amori

110 2421 161 2471 445
174 2404 281 2465 Grandia
297 2424 341 2472 per
357 2408 446 2459 multos
460 2420 590 2459 tenuantur
606 2407 705 2459 flumina
721 2406 811 2469 rivosr

209 2478 344 2546 Cassique,
361 2480 458 2531 sedusio
475 2481 571 2548 stipite,
589 2480 681 2531 flamma
697 2481 770 2547 perit.

171 2554 230 2604 Non
244 2551 299 2615 satir
313 2570 359 2602 una
375 2566 443 2604 tener
457 2567 551 2605 ceratas
566 2554 671 2607 anchora
687 2570 780 2620 puppes
793 2571 809 2613 ς.

207 2627 265 2677 Non
281 2625 336 2697 satir
352 2624 386 2675 est
402 2626 496 2692 liquidis
514 2627 596 2678 unicus
610 2627 693 2677 hamus
712 2628 791 2693 aquis.

172 2698 223 2765 Qui
239 2698 284 2749 sibi
296 2697 343 2764 jam
359 2697 452 2764 pridem
467 2700 553 2750 solatia
564 2699 622 2749 bina
641 2701 753 2765 paravit,

108 2788 163 2838 450
208 2771 261 2824 Jarrr
275 2772 366 2839 pridem
380 2770 469 2821 summi
483 2772 561 2823 vietor
575 2772 599 2821 in
615 2788 672 2823 arce
688 2774 743 2823 fuir.

169 2844 205 2898 At
217 2845 278 2905 tibi,
295 2846 335 2911 qui
350 2844 451 2895 domine
467 2845 541 2896 fueris
558 2843 620 2893 male
638 2845 743 2897 creditus
761 2846 808 2897 uni
815 2879 831 2907 ,,

205 2919 279 2974 Nunc
291 2920 376 2975 saltem
389 2936 467 2973 uorur
482 2918 518 2971 est
532 2917 691 2975 inveniendus
707 2935 791 2975 amor.
