2034 3709
208 272 261 347 40
315 252 362 322 Ρ.
386 254 574 335 omn
601 254 828 325 Nerours

208 370 568 439 Erimiaspompes‚praeconia
580 374 668 424 summ
677 374 831 440 triumphi„
918 372 922 379 '

244 445 363 511 Fadlaque
372 448 483 497 narrabas
493 448 664 499 dissimulanda
675 449 726 499 tibi.

161 517 177 569 8
182 533 194 581 5
208 518 309 568 Scilicet
318 520 433 568 inmanes
443 521 510 570 elisis
520 521 629 570 faucibus
638 520 731 587 hydros

245 591 364 641 infantem
376 593 443 641 cunis
452 593 578 643 involuiffe
587 610 681 643 manum
691 610 702 651 ς

208 664 245 717 Ut
253 663 373 731 Tegeaeus
382 680 441 729 aper
449 668 612 732 cupressifero
623 666 776 733 Erymantho

243 737 347 786 Incubet
358 738 401 794 ,ἃ
410 738 593 805 vallopondere
601 740 671 789 laedat
679 740 789 789 humum.
849 743 858 749 ‘

207 810 265 859 Non
274 811 318 861 tibi
327 810 450 862 Threiciis
462 811 532 861 affixa
541 812 670 862 Penatibus
680 828 722 862 ora
732 846 739 870 ,

162 896 197 948 90
244 884 302 932 Non
310 884 433 933 hominurn
442 886 544 953 pingues
554 885 621 935 ccede
631 896 742 935 tacentur
751 900 844 950 equora

207 954 394 1024 Prodigiumque
404 958 511 1023 triplex,
522 959 625 1008 armenti
634 958 701 1009 dives
711 959 775 1008 lberi

245 1027 377 1097 Geryones
386 1047 395 1087 3
406 1032 514 1096 quamvis
525 1032 549 1081 in
558 1032 635 1081 tribur
645 1048 706 1081 rmus
716 1044 769 1081 erat
779 1047 789 1089 ;

208 1102 285 1169 lnque
295 1119 366 1153 canes
375 1104 478 1153 totidem
488 1115 577 1154 trunco
587 1104 690 1171 digestus
700 1106 730 1153 ab
741 1120 790 1154 uno

245 1175 368 1228 Cerberos
379 1210 386 1234 ,
396 1177 517 1243 implicitis
527 1194 605 1245 angue
614 1179 721 1227 minante
731 1178 832 1234 comis-5
853 1220 855 1225 .

161 1252 194 1305 95
209 1248 321 1315 Quaeque
330 1249 479 1299 redundabat
486 1250 592 1300 fecundo
602 1252 703 1299 vulnere
714 1250 812 1316 serpeus

244 1322 340 1372 Fertilis
351 1355 359 1379 ‚
372 1322 397 1372 δι
407 1322 499 1373 damnis
508 1323 575 1373 dives
585 1325 615 1372 ab
625 1324 674 1389 ipsa
683 1323 729 1373 suis
740 1340 749 1381 ;

210 1395 310 1460 Quique
319 1396 383 1445 inter
391 1398 527 1462 laetumque
536 1398 599 1447 latus
609 1431 618 1453 ‚
630 1398 765 1462 laevumque
775 1398 895 1447 lacertum
905 1430 915 1459 ,

245 1467 371 1535 Praegmve
381 1469 520 1534 compressi
529 1470 600 1519 fauce
607 1470 723 1535 pependit
729 1486 790 1519 onus
802 1488 810 1527 3
883 1506 886 1510 -

208 1541 241 1591 Et
250 1543 312 1591 male
323 1541 437 1593 confisrrm
445 1544 545 1607 pedibus
555 1542 678 1608 formaque
685 1543 811 1593 bimembri

147 1622 196 1657 100
246 1612 340 1665 Pulsum
348 1615 487 1666 Theffalicis
498 1632 584 1683 agmen
593 1615 701 1683 equestre
710 1614 784 1683 jugis.

173 1715 182 1723 -
202 1687 270 1737 -Haec
279 1699 307 1737 tu
317 1689 418 1745 Sidonio
425 1701 499 1753 potes
507 1690 634 1756 insignitus
644 1688 729 1739 emidlu

244 1761 337 1810 Dicere
348 1760 417 1810 inon
427 1764 494 1811 cultu
504 1764 584 1829 lingua
594 1774 690 1812 retenta
701 1762 757 1811 silet
768 1760 779 1811 i

210 1833 244 1883 Se
254 1851 351 1899 quoque
360 1835 473 1901 Nympha
482 1836 530 1885 tuis
541 1836 651 1885 oneravit
660 1834 765 1885 lardanis
774 1824 868 1896 ermis,
916 1872 918 1878 ι

245 1906 277 1955 Et
285 1909 364 1957 tulite
374 1921 446 1973 capto
455 1920 513 1957 nota
523 1921 614 1974 tropaea
621 1909 684 1959 viro.

146 1990 194 2038 105
207 1978 219 2029 1
228 1997 307 2038 nunc,
317 1982 378 2031 tolle
387 1982 478 2030 animos
488 2016 497 2039 ,
508 1980 533 2031 ἃ
543 1983 615 2031 fortia
625 1982 684 2031 fadia
692 1982 792 2043 recense
804 1998 812 2033 ι
844 2002 847 2009 ·

245 2052 321 2117 Quod
331 2066 358 2103 tu
367 2070 417 2106 non
425 2054 484 2104 effes
493 2054 547 2120 jure
559 2088 567 2109 ,
579 2057 616 2104 vir
625 2056 664 2105 illa
674 2055 730 2105 luit.
880 2056 883 2061 “

208 2124 266 2187 Qui
274 2139 343 2177 tanto
352 2128 466 2179 minores
477 2140 584 2193 ,quanto
593 2140 619 2177 te
630 2162 638 2187 ,
651 2128 752 2177 maxime
762 2144 844 2177 rerum
854 2146 867 2189 3

243 2197 323 2261 Quirn
333 2217 394 2265 quos
404 2200 479 2249 vicilir'
489 2201 605 2257 ,vincere
615 2200 691 2266 majus
702 2212 763 2251 erat.

206 2270 245 2319 llli
255 2272 368 2335 procedit
376 2289 457 2322 rerum
466 2274 576 2323 mensura
584 2286 688 2325 rnatum.

145 2355 196 2390 110
244 2344 313 2394 Cede
322 2347 392 2394 bonis
402 2362 410 2393 ε
421 2347 493 2395 heres
501 2348 579 2397 laudis
590 2348 664 2397 amica
672 2359 730 2397 ture.

174 2440 183 2456 ··
208 2414 258 2467 Pro
267 2418 360 2481 pudor!
372 2418 455 2468 hirsuti
463 2418 539 2469 costas
549 2432 621 2469 exuta
630 2422 707 2469 leonis

243 2489 335 2555 Aspera
343 2504 459 2542 texerunt
467 2494 560 2543 vellera
569 2494 643 2543 molle
652 2494 724 2543 latus.

207 2564 323 2621 Falleris,
335 2566 360 2615 ὅ(
369 2566 446 2617 nescis
456 2582 464 2614 r
474 2582 525 2615 non
533 2566 586 2615 sunt
595 2567 667 2633 spolia
676 2565 717 2615 ilia
725 2568 828 2629 leonis,

243 2636 292 2686 sed
300 2648 342 2686 tua
352 2654 360 2695 ;
374 2650 448 2703 tuque
457 2639 503 2689 ieri
513 2640 590 2689 vidior
598 2656 625 2691 er
637 2674 644 2698 ‚
657 2640 696 2689 illa
707 2640 752 2689 tui.

145 2711 193 2758 115
207 2711 306 2762 Femina
313 2711 364 2761 te'lsr
373 2712 430 2761 tulit
438 2711 544 2762 Lernaeis
554 2725 606 2763 atra
615 2712 715 2763 venenis
725 2746 735 2770 „

202 2798 206 2807 ·
243 2784 261 2831 F
263 2800 316 2831 erre
325 2800 423 2849 gravem
434 2784 536 2835 ianitrix
544 2776 599 2835 laris
608 2798 665 2852 apta
673 2788 768 2836 colum:

206 2855 365 2923 Instruxitmre
374 2874 468 2905 manum
479 2858 548 2908 clavi
556 2859 680 2913 domitrice
691 2860 795 2909 letarum
807 2876 823 2913 t>

242 2929 312 2985 Vidit
324 2932 349 2982 dc
359 2930 385 2979 in
394 2930 494 2998 tumulo
504 2931 689 2999 conjugisverma
697 2932 741 2984 lul,
