2034 3709
181 217 256 291 208
312 216 826 312 OrrnrrtNAsonrs'

182 340 256 389 Casus
271 338 296 387 iu
311 351 402 389 eventu
418 338 452 387 est
466 352 474 387 ε
489 338 550 389 licet
563 337 618 385 haec
632 336 757 404 indulgeat
770 337 862 396 ausis,'
892 338 901 383 T

120 413 173 479 380
217 412 351 462 Consilium
366 425 448 473 tamen
464 410 498 460 est
510 409 641 460 abstinuisse
656 425 745 460 meum.

181 487 239 537 Non
254 502 302 552 ego
318 502 362 549 per
376 500 484 551 praeceps
501 483 529 533 dt
543 495 616 533 acuta
630 486 754 533 eacumim
767 485 879 537 vadatus

218 560 271 607 Nec
288 558 404 623 juvenum
418 558 561 623 quisquam,
577 572 618 605 rue
633 556 716 613 duce,
731 572 816 623 captus
834 562 898 609 erit.

182 632 208 681 si
222 644 303 681 umen
317 632 358 681 illa
372 630 434 688 tibi,
454 630 511 679 dum
526 630 568 679 dat
582 628 718 695 recipitque
733 632 858 691 tabellas,
893 634 897 642 '

221 704 352 771 Corpore,
371 720 421 753 non
436 700 529 753 tantuin
543 702 690 757 sedulitate,
708 704 813 769 placet3

121 777 172 842 335
184 778 231 827 Fac
249 776 345 827 domini
359 777 454 843 potiare
470 776 555 842 prius,
571 791 654 825 comes
669 776 709 825 illa
725 776 851 841 sequatur.

219 852 278 899 Non
293 851 337 900 ribi
352 850 383 899 ab
397 848 485 898 ancilla
502 848 537 899 est
551 848 688 914 incipienda
703 850 801 901 Venus.

182 924 239 973 Hoc
253 940 327 973 unum
341 939 449 981 moneo,
468 920 515 985 (si
527 922 585 989 quid
598 920 672 972 modd
686 923 793 971 creditur
806 923 856 973 arti
866 956 880 983 ‚
896 927 901 943 ⁶

219 997 273 1046 Nec
288 1013 342 1046 mea
357 996 418 1045 disla
431 1012 507 1059 rapax
521 1012 569 1062 per-
581 1012 646 1045 mare
661 1007 749 1044 ventus
765 996 837 1062 agit:
853 997 867 1063 )

181 1069 232 1119 Aut
247 1086 298 1121 non
310 1070 432 1127 tentaris,
449 1081 491 1119 aut
507 1067 598 1135 perfice
613 1083 621 1118 τ
636 1069 730 1119 tollitur
743 1068 841 1128 index,
898 1068 905 1075 '

121 1155 173 1206 390
220 1141 281 1193 Cbm
298 1143 370 1193 semel
385 1143 410 1191 in
424 1154 519 1208 partem
533 1141 637 1192 criminis
652 1142 700 1207 ipsa
716 1142 796 1192 veuit.

183 1216 241 1265 Non
257 1216 308 1265 avis
324 1216 416 1265 utiliter
430 1215 525 1265 viscatis
538 1213 623 1281 effugit
639 1215 703 1263 alis:

219 1290 276 1337 Non
292 1291 355 1338 bene
372 1289 476 1339 delatis
493 1288 599 1338 cassibus
615 1286 666 1337 exit
677 1302 748 1351 aper.

183 1361 283 1411 Saucius
301 1367 399 1427 arrepto
414 1360 485 1425 piscis
501 1372 614 1411 teneatur
630 1362 660 1409 ab
675 1360 758 1409 hamo.

221 1432 343 1499 Perprime
359 1446 477 1483 tentatam
492 1446 501 1483 t
515 1450 583 1491 nec,
597 1431 643 1483 nisi
656 1433 752 1490 vietor,
768 1430 818 1483 abi.

122 1518 172 1570 395
184 1506 248 1555 Tuum
265 1522 344 1573 neque
358 1520 385 1557 te
400 1507 489 1572 prodet
504 1506 625 1557 communi
640 1506 745 1557 obnoxia
761 1509 863 1573 culpas:

220 1580 338 1645 rasaque
354 1594 426 1631 erunt
439 1580 546 1631 domiue
560 1579 669 1644 ditiaque
683 1579 815 1635 notatibi.
898 1584 905 1591 ’

184 1652 232 1703 Sed
248 1653 311 1703 bene
326 1655 421 1703 celetur
436 1670 443 1703 ι
458 1655 521 1703 bene
535 1653 556 1702 si
572 1652 689 1703 celabitur
704 1652 801 1712 index,

220 1726 320 1793 Notitiae
336 1726 425 1775 suberit
440 1727 623 1791 semper‘amica
638 1737 697 1775 tuae.

184 1797 308 1863 Tempora
323 1800 363 1865 qui
379 1799 434 1849 solis
453 1798 554 1865 operosa
571 1800 707 1849 colentibus
722 1814 802 1859 arra,

122 1884 175 1929 400
221 1872 239 1921 F
241 1873 340 1930 ullirur,
357 1872 382 1923 &
396 1873 475 1923 nautis
490 1872 644 1937 aspicienda,
660 1882 739 1938 putat.

185 1946 240 1993 Nec
256 1944 349 2011 semper
367 1946 488 1995 credenda
506 1945 584 1995 Ceres
600 1945 724 1995 fallacibus
738 1943 827 1998 aruis:

222 2018 276 2067 Nec
293 2018 386 2085 semper
399 2018 469 2068 viridi
483 2036 591 2069 concava
604 2018 691 2084 puppis
707 2034 788 2082 aquae.

186 2090 241 2141 Nec
255 2104 352 2141 teneras
368 2091 460 2159 semper
476 2104 555 2143 tutum
570 2103 667 2156 captare
683 2091 801 2156 puellas:

222 2163 291 2228 Saepe
308 2164 366 2214 dato
380 2162 466 2215 melius
481 2177 593 2231 tempore
609 2162 653 2213 fiet
667 2162 743 2211 idem.

123 2249 175 2297 405
188 2234 242 2285 Sive
261 2236 313 2287 dies
329 2237 407 2287 aderit
423 2238 506 2287 natalis
520 2255 529 2296 ;
548 2237 598 2287 sive
615 2235 754 2293 Kuendae,

223 2306 290 2371 Quas
309 2308 433 2363 Venerem
450 2310 527 2361 Marti
542 2307 689 2361 continuasse
705 2306 796 2374 iuvate

187 2380 244 2431 Sive
263 2382 310 2431 erit
325 2396 445 2441 ornatus,
461 2400 512 2433 nou
525 2397 552 2433 ut
567 2383 612 2433 suit
627 2394 703 2439 ante,
720 2381 830 2447 sigillis;
912 2390 917 2401 ¹

222 2452 269 2502 Sed
284 2471 368 2521 regum
385 2458 475 2523 positas
491 2456 577 2506 Circus
593 2454 691 2505 habebit
707 2470 768 2520 opes
782 2470 791 2511 3

186 2524 265 2577 Differ
276 2543 337 2592 opus
348 2543 357 2578 t
369 2540 426 2579 tuuc
438 2529 508 2581 tristis
519 2529 611 2587 hiems,
622 2541 680 2577 tunc
690 2526 785 2577 Pliades
796 2526 906 2581 instante

124 2612 177 2660 410
223 2599 294 2661 Tunc
309 2612 379 2651 tener
393 2602 507 2667 aequorei
523 2604 638 2669 mergitur
651 2600 747 2649 Hoedus
763 2600 836 2665 aqui.
868 2639 872 2644 ⁴

187 2672 258 2723 Tunc
276 2673 338 2721 bene
356 2674 472 2727 desinitur
483 2692 490 2725 :
500 2687 580 2734 tunc,
596 2676 617 2726 si
632 2674 686 2741 quis
701 2674 902 2736 credituralto,

223 2745 274 2797 Vix
289 2746 366 2795 tenuit
384 2747 470 2797 lacerae
486 2751 602 2815 naufraga
617 2747 723 2796 membra
738 2748 807 2798 raris.

132 2832 133 2837 ’
188 2818 228 2869 Tu
246 2819 304 2870 licet
319 2820 434 2885 incipias,
454 2820 502 2888 qui
517 2822 603 2871 flebilis
618 2820 681 2869 Allia
698 2820 753 2868 luce

226 2892 373 2947 Vulneribus
389 2893 461 2952 Latiis
480 2894 660 2965 sanguinolenta
675 2891 741 2943 suite
816 2942 820 2947 .
