2034 3709
174 247 338 316 Lrnnn
363 248 393 315 I.
418 231 611 320 Enseu
636 251 708 322 ΧΙ.
744 273 818 348 137

134 381 786 456 ‹z——nfffl———b

260 526 522 592 'ELEGIA
577 527 653 590 XI.

103 619 460 746 connumeratos,
473 687 499 738 δι
511 687 534 738 in
546 687 630 738 ordine
639 703 750 754 ponere,
764 686 841 740 crines

138 758 241 818 Doda,
262 776 341 826 neque
357 761 455 812 ancillas
469 761 533 812 inter
549 762 678 821 habenda,
695 763 767 828 Nape
779 777 789 821 3

92 831 177 897 Inque
195 832 330 883 ministeriis
345 833 440 885 furtivae
456 836 553 902 cognita
569 834 646 886 nodlis

137 905 233 964 Utilis,
257 906 283 956 δι
300 906 383 956 dandis
399 907 522 974 ingeniosa
538 909 620 967 notis;

93 977 171 1044 Saepe
185 979 272 1029 venire
286 979 316 1028 ad
329 996 367 1029 me
383 980 531 1032 dubitantem
545 982 641 1032 hortata
651 978 801 1040 Corinnam
822 994 836 1044 5

136 1051 209 1118 Saepe
225 1053 345 1102 laboranti
360 1051 407 1102 fida
422 1067 520 1121 reperta
535 1055 613 1112 mihi3

92 1123 214 1191 Accipe,
233 1125 307 1176 &ad
324 1126 442 1176 dominam
458 1139 582 1192 peraratas
599 1142 668 1176 mane
684 1127 799 1176 tabellas·

137 1196 245 1256 Perler;
267 1199 292 1248 dt
309 1198 428 1250 obstantes
443 1199 525 1250 sedula
541 1201 606 1264 pelle
624 1215 713 1249 moras.

68 1263 72 1270 ’
95 1271 155 1320 Nec
172 1271 268 1320 silicum
280 1289 369 1331 venae,
386 1289 432 1323 nec
448 1273 533 1323 durum
547 1275 571 1323 in
586 1272 686 1338 pedore
703 1273 811 1332 ferrum,

136 1346 192 1393 Nec
209 1345 253 1394 tibi
267 1346 405 1411 simplicitas
421 1347 506 1396 ordine
523 1345 601 1411 major
615 1345 684 1395 inest.
823 1359 855 1395 10

97 1417 225 1467 Credibile
242 1417 276 1468 est
296 1419 321 1470 bt
338 1431 364 1468 te
382 1419 617 1486 lensill‘e-Cnpidinis
631 1435 719 1471 arcus:

135 1492 165 1540 ln
180 1508 220 1540 me
237 1492 327 1542 militiae
342 1492 411 1560 signa
426 1504 498 1543 tuere
514 1505 571 1544 tuae.

93 1562 123 1614 si
140 1576 236 1630 quaeret
245 1579 259 1623 ‚·
272 1566 329 1631 quid
345 1582 412 1632 agant
424 1583 433 1624 3
449 1565 504 1633 Spe*
516 1566 591 1616 noblis
605 1563 709 1624 vivere,
726 1563 802 1616 dices.

135 1637 229 1687 Cetera
246 1638 294 1688 lert
309 1638 396 1687 blandi
412 1655 468 1688 cera
483 1651 567 1688 notata
582 1647 671 1690 manu:

93 1711 165 1760 Dunr
173 1713 273 1777 loquor,
281 1711 342 1761 hora
351 1712 517 1779 fugittvacuae
526 1713 588 1762 bene
598 1712 672 1762 redde
682 1712 782 1764 tabellas
791 1727 798 1760 τ
822 1725 832 1759 r
839 1723 851 1773 5

134 1783 230 1834 Verdrn
247 1781 363 1834 continud
380 1785 515 1836 laetamen
531 1786 571 1834 illa
588 1787 662 1854 legat.
690 1815 693 1823 ι

94 1857 206 1924 Aspicias
224 1859 311 1909 oculos
326 1859 432 1916 mando,
451 1856 604 1925 frontemque
620 1858 744 1925 legentist

134 1931 156 1980 E
172 1931 250 1981 tacito
264 1933 336 1982 vultu
351 1932 411 1982 scire
427 1931 508 1983 lutura
522 1933 590 1982 licet.
678 1995 681 2003 V

13 2030 14 2051 ;
95 2004 154 2054 Nec
171 2022 240 2055 rnora
257 2020 264 2054 τ
279 2004 411 2072 paleriis,
431 2005 546 2056 rescribat
563 2003 638 2053 multa
653 2001 749 2068 jubeto.

136 2077 206 2136 Odi,
226 2075 281 2128 crim
297 2077 347 2128 lat'e
359 2077 484 2143 -splendida
499 2094 556 2128 cera
572 2088 652 2126 vacat.
820 2089 854 2125 20

13 2145 18 2157 ⁵
94 2149 249 2216 comprimat
265 2151 387 2201 ordinibus
403 2150 503 2209 versus,
524 2152 658 2216 oculosque
674 2159 781 2200 moretur
874 2185 876 2189 Α

134 2224 248 2291 Margine
265 2225 290 2273 in
307 2237 417 2273 extremo
433 2225 504 2274 litera
519 2224 570 2272 rasa
584 2239 662 2273 meos.

96 2296 165 2360 Quid
182 2297 272 2364 digitos
288 2313 350 2362 opus
367 2296 401 2346 est
418 2298 517 2364 graphio
534 2295 621 2346 raffare'
632 2291 763 2346 tenendo?

134 2370 191 2418 Hoc
206 2371 295 2419 habeat
311 2369 423 2435 scripturn
438 2383 491 2420 tota
508 2371 615 2428 tabella,
635 2371 711 2420 Veni.
763 2369 770 2389 ⁸

94 2443 155 2492 Non
168 2459 218 2511 ego
233 2443 346 2492 vidrices
362 2444 430 2492 laoro'
448 2443 559 2493 redimire
576 2443 696 2500 tabellae,
818 2456 833 2492 2
838 2453 851 2504 5

134 2518 188 2565 Nec
204 2517 312 2569 Veneris
329 2515 408 2565 medib
423 2531 516 2581 ponere
533 2517 557 2566 in
575 2515 627 2564 ae'de
646 2531 736 2567 morer.

13 2602 14 2661 l
96 2589 267 2647 subscribam
283 2588 396 2648 Veneri,
413 2587 473 2638 fidas'
487 2589 548 2648 sibi,
566 2587 631 2638 Naso
647 2587 764 2641 ministras

13 2672 14 2725 l
131 2661 239 2717 Dedicat
254 2677 262 2717 a
278 2673 304 2716 at
318 2679 397 2734 nuper
413 2663 462 2715 vile
478 2661 551 2715 fuistis
566 2677 634 2718 acer·
684 2662 686 2670 ’

12 2794 15 2821 l

454 2840 513 2920 »Ἧι

455 2911 512 2959 ’ω
