2034 3709
159 239 448 331 Ηιὲιιοιυιιι.
474 261 547 331 ΕΡ.
570 261 673 331 XXI.
727 273 801 356 115

91 379 168 432 Certie
185 397 234 449 ego
250 381 365 431 convalui
379 379 485 430 nondum
504 380 535 429 de
551 381 652 432 vulnere
667 382 731 442 tali;

124 455 162 505 Ut
176 454 281 522 jaculo,
300 454 393 520 scriptis
410 454 502 503 eminus
519 453 565 502 isla
582 456 639 505 tuis.

91 527 158 592 Quid
173 540 256 578 tamen
271 529 320 578 huc
330 524 436 578 venias?
453 544 516 578 anne
530 539 558 578 ut
568 528 702 578 miserabile
718 543 826 596 corpus,

125 602 224 669 Ingenii
238 602 322 652 videas
339 603 394 651 bina
410 613 502 668 tropaea
518 601 565 651 tui.

92 673 250 725 Concidimus
259 676 352 734 macie,
365 676 435 725 color
445 675 478 724 est
488 676 541 723 sine
552 673 666 742 sanguine
678 677 791 743 aqualem
811 689 841 726 21
850 690 862 738 5

125 749 156 799 ln
168 764 245 814 pomo
259 749 341 798 resero
356 760 439 798 mente
454 747 523 798 fuisse
539 760 594 798 tuo.

92 821 200 870 Candida
216 838 264 871 nec
280 823 356 872 mixto
371 822 498 872 sublucent
515 837 558 871 ora
574 823 685 874 rubore:

126 895 215 944 Forma
232 895 291 945 novi
305 895 360 945 talis
375 895 499 945 marmoris
515 894 562 944 esse
578 895 650 946 solet.

90 966 194 1034 Argenti
210 969 281 1017 color
295 967 328 1017 est
341 973 405 1018 inter
418 968 529 1017 convivia
543 969 597 1018 talis
610 1001 620 1028 ,

127 1041 205 1103 Quod
219 1041 308 1090 tastum
324 1042 408 1109 gelidae
425 1043 527 1108 frigore
531 1043 606 1106 pallet
620 1055 696 1106 aquae.
813 1055 865 1091 220

91 1113 117 1164 Si
132 1131 172 1162 me
186 1131 250 1163 nunc
265 1113 456 1202 videasgvisbm
472 1113 539 1180 prius
557 1113 608 1163 esse
621 1114 738 1180 negabis.

127 1188 189 1236 Arte
205 1201 254 1236 neo
270 1186 324 1252 est,
330 1188 430 1244 duces,
448 1186 490 1236 isla
506 1185 613 1252 petenda
629 1185 702 1237 rata.

91 1258 254 1344 Promissique
269 1247 364 1318 fidem,
379 1272 411 1310 ue
427 1259 472 1308 sim
486 1257 532 1308 tibi
546 1257 645 1324 janua,
663 1247 793 1315 ιειιιὶιιέει

127 1333 159 1382 Ει
175 1334 260 1399 cupies
276 1333 335 1382 illud
350 1347 400 1383 non
416 1319 546 1382 meminisse·
563 1331 653 1383 Deam.
695 1387 696 1391 Ἰ

92 1407 205 1458 Forsitan
222 1406 249 1458 δι
263 1406 357 1465 facies,
375 1403 456 1472 jurem
470 1417 497 1455 ut
513 1407 634 1456 contraria
650 1404 752 1463 rursus5
814 1419 865 1468 225

126 1470 245 1550 Quaeque¹
256 1480 355 1546 legam,
371 1480 455 1528 mittes
468 1481 543 1529 altera
557 1479 633 1528 verba
648 1479 714 1528 mihi.

92 1551 140 1602 Sed
156 1566 240 1603 tamen
253 1553 373 1618 aspiceres
389 1553 496 1610 vellem,
515 1563 588 1618 prout
604 1552 654 1620 ipse
670 1551 794 1620 rogabas,

127 1625 161 1674 Et
178 1624 253 1674 discas
268 1623 358 1691 sponsae
372 1624 482 1690 languida
496 1626 603 1675 membra
618 1639 676 1676 tuae.

91 1698 185 1748 Durius
203 1698 229 1747 &
245 1697 312 1747 ferro
330 1697 384 1747 crim
401 1697 433 1747 sit
448 1697 492 1748 'tibi
507 1697 610 1764 pestus,
629 1697 741 1757 Aconti,

126 1772 170 1820 Tu
186 1772 283 1820 veniam
296 1770 380 1821 ilustris
397 1771 497 1820 vocibus
514 1769 563 1836 ipse
581 1781 660 1835 petas.
695 1767 705 1784 ”
735 1779 743 1792 '
814 1783 867 1834 230

92 1844 130 1894 Ne
146 1857 230 1894 tamen
246 1845 344 1911 ignores
354 1855 432 1909 rope
448 1841 495 1909 qui
511 1843 661 1898 revalescere
678 1841 788 1909 possim,

127 1917 255 1980 Quaeritur
269 1935 284 1966 a
297 1917 402 1981 DelphIs
416 1917 466 1967 fata
483 1928 585 1966 canente
602 1915 670 1966 Deo.

92 1991 115 2040 ls
125 2007 225 2056 quoque
235 1990 317 2040 nescio
328 2007 414 2056 quam,
435 2006 499 2038 nunc
508 2001 537 2039 ut
547 1991 607 2055 vaga'
619 1989 681 2036 sanla
690 1985 794 2038 susurrat
805 2020 812 2045 ,

126 2064 273 2130 Negleslam
289 2063 398 2129 queritur
411 2062 477 2112 testis
493 2055 583 2115 habere
601 2059 684 2112 fidem·

92 2136 148 2185 Hoc
160 2138 230 2186 Deus
242 2136 269 2186 δι
283 2150 372 2194 vates,
386 2136 434 2184 hoc
452 2136 478 2184 δι
488 2151 541 2196 mea
553 2133 656 2184 carmina
671 2133 755 2183 dicunt
767 2148 775 2183 a
814 2147 845 2198 23
852 2149 863 2196 ς

126 2208 162 2258 At
178 2209 265 2258 desunt
279 2221 340 2257 voto
355 2209 459 2258 carmina
474 2201 539 2258 nulla
553 2219 606 2256 tuo·

94 2282 166 2332 Unde
176 2283 222 2332 tibi
232 2282 303 2332 favor
312 2279 373 2328 hic?
388 2281 433 2330 nisi
445 2282 511 2346 quod
522 2297 585 2330 nova
596 2280 660 2330 forte
671 2291 767 2346 reperta
778 2279 829 2338 est,

128 2354 193 2419 Quae
209 2354 288 2420 capiat
303 2369 403 2420 magnos
416 2354 486 2403 litera
503 2352 564 2410 lesia
580 2353 659 2402 Deos.

92 2427 178 2492 Teque
188 2440 291 2477 tenente
302 2427 392 2484 Deos,
407 2443 495 2475 numen
506 2426 592 2492 sequor
603 2425 651 2490 ipsa
661 2426 793 2483 Deorum,

128 2501 219 2568 Doque
234 2490 314 2549 libens
330 2499 427 2548 vitias
420 2516 445 2549 ιιι
460 2512 502 2548 tua
518 2513 576 2547 vota
591 2515 684 2548 manus.
813 2511 865 2558 240

93 2573 204 2640 Passaque
221 2572 271 2622 sum
286 2572 356 2622 matri
371 2573 482 2637 deceptae
497 2572 590 2621 foedera
606 2572 712 2639 linguae,

128 2647 227 2697 Lumina
243 2645 292 2695 fixa
307 2657 413 2703 tenens,
433 2646 503 2711 plena
517 2645 636 2710 pudoris,
652 2647 736 2694 humo.

95 2720 182 2770 Cetera
190 2736 248 2769 cura
257 2733 299 2769 tua
310 2718 344 2767 est
354 2733 360 2766 ι
371 2720 424 2783 plus
432 2719 481 2766 hoc
490 2734 586 2784 quoque
595 2718 688 2786 virgine
697 2717 800 2772 latium,

128 2795 186 2845 Non
200 2793 284 2847 timuit
298 2805 380 2843 tecum
395 2791 461 2860 quod
474 2808 528 2841 mea
544 2791 627 2842 charta
642 2789 720 2857 loqui.
