2034 3709
175 266 224 362 xij
317 262 717 347 TasrrntonrA,
744 260 803 337 dc‘.
890 272 896 278 '

174 384 285 467 ingenii
300 381 473 463 magnitudo
494 381 528 443 δι
546 401 673 455 acumen
685 376 786 460 judicii
802 398 950 447 exercen-

175 488 211 547 da
223 485 296 546 sunt.
308 484 384 565 Quis
394 484 473 543 enim
489 483 527 543 de
539 480 654 545 ovidio
669 486 735 545 satis
747 483 834 565 dign&
849 484 950 547 dicere

173 584 291 669 possit?
319 585 430 649 nedum
449 602 481 647 ut
502 584 608 645 audeat
628 606 696 649 eum
716 585 948 665 reprehendere.

174 690 234 753 Iul.
254 688 379 768 Scaliger
390 686 421 745 in
436 688 575 765 Hypercr.
588 708 621 767 p.
639 692 709 763 788.
875 680 879 689 ”

214 789 456 868 ΰκοιίιιςὶωι
474 786 634 861 Manilius,
657 786 738 869 quod
761 807 824 848 non
847 787 946 869 potest

173 909 291 950 manunt
305 890 411 951 tollere
422 888 460 949 de
471 888 593 961 tabula,
610 887 643 947 δι
654 886 774 969 (quod,
790 907 852 950 tam
869 889 946 953 falso

174 989 262 1072 quim
276 993 443 1072 immerito,
453 987 568 1053 ovidio
585 985 735 1067 objeaum
749 990 846 1073 olim)
857 1012 948 1053 num·

174 1113 262 1175 quam
272 1096 326 1153 scit
336 1092 481 1173 desinere.
489 1090 549 1171 Ios.
561 1091 667 1172 Scalig.
674 1092 823 1173 prolegm.
834 1095 947 1156 Maii.

213 1190 344 1254 Tnm
354 1194 469 1275 semper
479 1193 615 1254 omnibus
624 1190 945 1257 admiratiorn'Ovidius

172 1291 243 1367 sirit,
260 1311 367 1355 utnon
385 1292 569 1377 ingeniosus,
590 1292 642 1353 sed
658 1292 806 1374 ingenium
822 1294 944 1376 ipsum

172 1414 234 1453 non
251 1392 374 1469 latinus,
394 1394 444 1456 sed
461 1393 522 1476 ipsa
543 1394 666 1455 latinitas
683 1413 693 1465 3
710 1414 771 1456 non
790 1394 943 1459 Musarum

170 1492 323 1569 sacerdos,
339 1495 390 1557 sed
406 1495 499 1578 ipsum
513 1493 661 1556 Musarum
676 1513 785 1558 numen
802 1498 838 1557 sit
854 1497 943 1559 habi-

169 1612 225 1655 tus.
247 1595 325 1675 Quis
348 1598 428 1659 eninr
452 1596 535 1679 plura
547 1594 567 1656 ἒ.
588 1596 651 1677 quis
677 1596 859 1677 elegantiora
879 1596 942 1661 hoe

95 1721 97 1727 ·
169 1697 261 1779 poeti
270 1698 381 1780 scripsit
397 1698 408 1759 ?
424 1697 490 1759 Nec
505 1698 597 1760 velim
608 1717 700 1777 porro
713 1716 750 1757 ex
764 1694 940 1777 scriptorum

169 1800 354 1861 multitudine
384 1799 525 1860 summam
549 1795 606 1859 effe
629 1794 753 1857 Nasonis
779 1798 940 1863 austerita-

167 1918 230 1961 tem
245 1923 255 1975 ;
270 1882 322 1966 sed
338 1922 428 1983 quum
445 1918 593 1982 perrarum
610 1898 687 1978 apud
706 1898 818 1959 nostros
831 1898 939 1977 fuerit,

167 2020 200 2060 ut
220 2003 270 2083 qui
285 2003 436 2076 absolute,
458 2000 539 2061 idem
562 1999 653 2059 multa
672 1998 838 2083 scripserit3
867 2004 939 2066 hinc

166 2102 247 2162 certe
271 2102 416 2165 Ovidium
437 2102 581 2164 summum
603 2102 633 2161 in
651 2099 702 2163 suo
725 2122 833 2186 genere
852 2101 938 2166 fuisse
992 2116 995 2123 ’

165 2202 334 2284 colligitur,
351 2203 433 2287 quod
448 2202 559 2263 infinita
576 2202 608 2263 δι
625 2202 833 2263 absolutissima
850 2203 940 2285 inge-

164 2304 205 2361 nii
226 2301 266 2363 sui
286 2321 477 2378 monumenta
497 2303 583 2364 nobis
604 2303 694 2365 dedit.
719 2301 818 2383 Gifhn·
839 2303 937 2387 Apol.

161 2426 214 2487 pro
230 2406 320 2487 postis
339 2407 508 2487 latinia-p.
526 2410 632 2481 484.··
696 2427 701 2437 ·
729 2421 734 2439 ¹

204 2506 344 2581 Umoue
356 2505 519 2589 ingeniosus
535 2505 575 2568 est
586 2506 732 2583 Ovidius,
747 2506 829 2591 quod
839 2488 936 2569 nerito

163 2629 321 2691 umquam,
333 2608 387 2666 nisi
399 2609 448 2689 qui
457 2606 516 2689 ipse
526 2609 692 2689 ingeniosus
703 2632 764 2672 nott
776 2607 846 2671 ess'et
852 2654 865 2683 ,
875 2630 936 2675 ne,-

162 2710 251 2791 gavit.
266 2708 384 2791 Ubique
403 2708 504 2769 doetus
522 2706 563 2770 est
575 2708 721 2785 Ovidius,
735 2711 772 2773 de
789 2731 849 2793 quo
867 2732 935 2775 non

163 2812 257 2871 minirs
272 2810 350 2895 apud
367 2830 471 2874 omnes
486 2810 607 2876 c‘onstet.
628 2817 654 2876 T
651 2836 735 2895 anaq.
752 2812 852 2904 Faber·
869 2814 936 2895 Ep.
992 2886 993 2893 ἵ

155 2936 187 2976 -ι,
207 2933 259 2992 37.-
345 2934 368 2971 ’τ
421 2937 425 2946 ’
475 2934 479 2939 ·
578 2934 580 2941 ’
767 2932 775 2942 ’

625 2953 629 2967 ’
671 2933 935 3063 ''i'o'irnn
988 3086 991 3095 d
