2034 3709
223 284 249 355 6
320 287 361 349 Ρ.
392 276 576 352 Orruit
604 280 827 348 NAsoms

222 401 295 459 Iura,
306 399 382 460 fides,
391 401 433 450 ubi
442 417 507 450 nunc
515 398 698 465 ,commilsaque
709 399 809 449 dextera
819 397 936 451 dextre-²
1003 398 1004 401 ’

260 475 358 541 Quique
376 474 466 524 eratin
483 474 542 523 falso
556 472 671 537 plurimus
687 490 730 522 ore
747 471 841 522 Deus?

223 547 348 598 Promiss'us
363 548 442 597 socios
458 548 500 597 ubi
515 564 579 595 nunc
594 546 740 613 Hymenaeus
751 546 775 602 iu
785 563 883 606 annos,
954 546 957 549 ’

260 621 310 685 Qui
320 621 377 670 mihi
388 620 495 689 conjugii
504 619 602 685 sponsor
613 620 639 669 ὅ(
650 619 719 669 obses
732 630 783 669 erat
795 617 806 669 i
852 674 855 679 ,

176 704 190 757 3
198 706 210 755 5
223 694 270 746 Per
285 712 367 753 mare,
381 694 447 761 quod
462 706 542 743 totum
556 692 636 743 ventis
653 693 758 759 agitatur
770 692 795 743 δι
806 692 897 752 undis,

259 767 306 818 Per
320 768 385 836 quod
401 768 463 833 saepe
474 767 536 834 ieras
548 801 555 826 ‚
570 783 614 832 per
625 766 690 833 quod
700 766 775 815 iturus
787 782 859 825 eras,

224 841 319 907 Perque
329 854 397 891 tuum
408 840 466 889 mihi
477 839 572 905 jurasti,
584 839 630 889 nisi
640 838 707 889 fitlus
719 838 747 889 dt
756 838 798 889 ille
811 839 860 899 eli,

261 915 364 964 Concita
374 914 415 981 qui
424 913 503 964 ventis
518 928 615 979 aequora
627 914 735 970 mulcet,
751 928 821 961 avum
833 928 841 962 t

223 986 271 1037 Per
284 989 408 1041 Venerem
419 1018 426 1043 ,
439 987 585 1051 nimiumque
595 985 652 1035 mihi
663 984 777 1035 facientia
786 986 834 1035 tela
845 1017 854 1044 ,

177 1079 211 1126 40
260 1061 346 1110 Altera
355 1061 405 1109 tela
415 1076 501 1117 arcus,
516 1060 591 1107 altera
601 1060 650 1108 tela
660 1058 726 1107 faces
736 1072 744 1108 t

225 1132 394 1200 Iunonemque
404 1166 412 1191 ‚
426 1133 485 1181 toris
496 1148 549 1198 quc
560 1131 673 1197 praesidet
683 1130 862 1191 armamentis,

262 1207 294 1259 Et
308 1224 351 1273 per
365 1206 480 1256 taediferae
494 1204 666 1272 myili'casacra
677 1204 750 1255 Deae.

226 1280 251 1331 si
263 1281 294 1329 de
306 1292 347 1330 rot
358 1280 420 1330 laesis
435 1280 474 1328 sua
484 1279 580 1328 numlns
593 1277 692 1343 quisque
704 1278 818 1327 Deorum

261 1353 396 1411 Vindicet,
413 1352 436 1401 in
446 1368 530 1418 poenas
541 1368 590 1401 non
601 1350 656 1400 satis
666 1364 728 1399 unus
739 1350 799 1402 eris·
819 1360 821 1370 '

179 1436 195 1481 4
200 1436 212 1483 5
226 1426 261 1478 At
275 1427 367 1476 lateras
383 1426 455 1475 etiam
470 1438 564 1492 puppes
579 1423 666 1473 furiosa
682 1422 777 1473 refecit

262 1498 314 1558 Ut,
327 1498 373 1566 qui
383 1499 523 1556 desererer,
535 1494 601 1545 firma
612 1497 692 1545 carina
702 1496 777 1546 foret.

224 1572 406 1640 Remigiumque
417 1572 487 1628 dedi,
499 1587 547 1637 quo
557 1586 595 1618 me
606 1570 724 1637 fugiturus
735 1568 826 1620 abires.

262 1645 319 1695 Heu
336 1646 342 1695 l
359 1644 438 1711 patior
449 1644 505 1693 telis
520 1644 622 1692 vulnera
636 1642 696 1691 fatla
706 1642 776 1693 meis.

224 1714 378 1769 Credidimus
388 1717 480 1767 blandis
491 1750 499 1775 ,
514 1732 615 1782 quorum
625 1714 669 1763 tibi
680 1714 748 1781 copia
759 1748 766 1773 ,
777 1713 879 1767 verbis:

179 1808 213 1857 50
263 1792 416 1842 Credidimus
430 1788 705 1862 generintminibusque
718 1787 785 1860 lili&
847 1796 851 1802 '
885 1798 889 1803 '

225 1865 376 1916 Credidimus
393 1863 503 1931 lacrymis
518 1870 571 1912 :an'
583 1860 656 1912 &lire
672 1854 939 1912 simulat-edocentur?

260 1938 306 1989 Hae
317 1954 413 2009 quoque
423 1938 513 1985 nabent
521 1946 600 1994 artes,
612 1934 706 2001 quique
715 1933 848 2003 jubentur,
869 1950 937 1985 eunt.

224 2010 271 2065 Dis
281 2028 379 2080 quoque
387 2010 534 2081 ncredidimus
547 2024 554 2059 ι
568 2007 615 2075 qud
623 2007 672 2075 jam
681 2019 719 2059 tor
730 2008 833 2075 pignota
844 2012 915 2061 nobis
926 2004 939 2058 i

262 2085 333 2136 Parte
348 2086 402 2135 satis
415 2084 484 2151 potui
501 2082 608 2147 qualibet
622 2082 678 2129 inde
696 2082 774 2145 cepi·

178 2165 191 2214 5
197 2166 209 2215 5
224 2160 278 2209 Nec
288 2174 406 2216 moveor,
418 2156 484 2223 quod
492 2166 519 2205 te
529 2153 580 2218 juvi
590 2166 709 2219 portuque
719 2154 825 2219 locoque
837 2168 846 2205 t

262 2231 356 2281 Debuit
368 2232 416 2280 hoc
429 2228 508 2277 meriti
520 2226 607 2276 summa
619 2224 686 2275 fuiffe
701 2225 759 2274 mei.

224 2306 342 2372 Turpiter
354 2304 483 2369 hospitium
495 2298 560 2349 letto
575 2298 701 2348 cumulasse
714 2297 789 2366 jugali

261 2378 384 2436 Poenitet,
403 2374 513 2427 &lateri
529 2370 671 2423 conseruiffe
687 2373 759 2421 latus.
806 2382 809 2388 '

224 2450 289 2517 Quae
303 2452 349 2501 fuit
359 2452 415 2500 aitte
425 2449 503 2506 illam,
515 2446 610 2495 mallem
620 2444 727 2511 suprema
738 2443 818 2495 fuisset
865 2478 868 2483 -

178 2516 214 2569 60
261 2526 319 2574 Nox
332 2524 389 2595 milii
401 2540 409 2581 3
422 2523 477 2571 dum
487 2538 516 2587 pt
524 2518 658 2591 tuil'lsyllis
670 2518 768 2567 honesta
777 2510 852 2571 mori.

183 2618 191 2625 ·
224 2597 325 2666 Speravi
336 2597 438 2655 melius,
449 2595 505 2661 quia
520 2608 558 2643 me
573 2588 680 2643 meruisse
695 2590 788 2657 putavi.

261 2671 429 2739 Quaecumque
440 2681 471 2718 ex
480 2668 569 2716 merito
580 2666 633 2735 spes
641 2666 710 2715 venir
717 2696 725 2723 ,
733 2672 809 2730 'aequa
817 2664 903 2719 venit.

225 2746 319 2798 Fallere
334 2745 475 2794 credentem
485 2756 540 2791 non
555 2738 824 2811 eli-operosrpuellam
864 2746 869 2758 ¹

264 2817 367 2869 Gloria:
379 2816 516 2882 simplicitas
530 2812 600 2880 digna
614 2812 697 2861 favore
714 2811 768 2861 fuit.

179 2890 213 2955 65
226 2893 283 2945 Sum
295 2892 397 2957 decepta
406 2890 454 2939 tuis
467 2888 511 2960 ,ρι
522 2900 602 2936 amans
612 2885 639 2935 δι
648 2883 750 2941 femina,
761 2882 841 2933 verbis
852 2898 861 2936 t

262 2962 298 3019 Di
314 2964 422 3023 iaciant,
436 2961 515 3014 laudis
529 2960 620 3011 summa
629 2958 660 3007 sit
670 2955 711 3007 ita
719 2966 788 3007 tuae:

309 3051 324 3087 ΙΙ
366 3064 371 3071 .
