2034 3709
91 280 98 286 ·
201 274 447 342 anama
471 274 688 347 Amonrs.
739 280 817 375 267

96 390 149 442 Sed
167 402 276 457 propera
291 407 300 441 e
317 408 363 441 nec
378 403 404 441 te
418 405 532 444 venturas
549 392 619 443 differ
633 394 657 445 in
674 396 756 450 horas.

135 464 189 528 Qui
207 481 257 514 non
272 464 306 514 est
319 464 413 523 hodie,
432 484 484 516 cras
499 465 576 517 minsas
592 481 662 535 aptus
676 471 732 522 erit.

94 538 185 589 Verba
194 538 804 607 datomtllsamor,reperitquealimentamotando·
825 560 858 613 95

135 610 241 677 Optima
257 612 368 662 vindislae
384 613 494 678 proxima
511 631 611 681 quaeque
626 616 687 669 dies.

96 683 210 733 Flumina
226 702 304 752 pauca
318 685 387 735 vides
402 686 432 735 de
449 689 542 755 magnis
558 688 663 741 sontibus
681 705 753 746 orta:

135 756 244 807 Plurima
259 758 368 809 c'ollesbis
382 760 571 827 multiplicantur
584 763 661 829 aquis.

97 828 124 879 si
140 829 193 882 εἰτὸ
210 831 337 892 sensisses,
356 847 469 898 quantum
484 852 588 901 peccate
604 854 721 902 parares,

133 904 195 963 Non
212 917 310 973 tegeres
324 908 406 956 vultus
422 910 536 968 cortice,
556 908 677 977 Myrrha,
695 926 762 968 tuos.
826 930 876 967 100

96 974 158 1029 Vidi
175 994 243 1047 ego,
260 979 326 1045 quod
340 978 418 1045 primd
434 982 515 1031 fuerat
531 983 632 1035 sanabile
647 987 754 1047 vulnus,

136 1051 249 1101 Dilatum
265 1054 345 1119 longae
362 1054 538 1119 damnafflrliffe
555 1074 640 1109 morae.

97 1122 169 1180 Sed,
188 1126 244 1192 quia
260 1126 364 1176 delestat
379 1128 484 1179 Veneris
499 1129 633 1195 decerpere
650 1130 742 1194 dores,

134 1198 248 1249 Dicimus
264 1198 379 1258 assidui,
399 1200 459 1252 Cras
476 1220 573 1269 quoque
590 1200 632 1253 fiet
646 1205 720 1258 idem.

97 1270 198 1321 Interea
215 1272 295 1323 tacitae
312 1272 450 1339 serpunrlo
465 1276 557 1326 viscera
573 1276 693 1338 flammam
824 1297 873 1347 105

135 1346 168 1395 Et
183 1347 246 1396 mala
259 1346 354 1396 radices
369 1346 440 1399 altilis
458 1350 531 1399 arbor
546 1350 605 1417 agit.

97 1416 122 1468 si
136 1432 220 1469 umen
237 1420 319 1470 auxilii
333 1420 457 1486 perierunt
470 1434 581 1489 tempora
594 1424 681 1490 primi,

4 1549 5 1558 ἵ
133 1493 167 1542 Et
183 1505 255 1544 vetus
270 1493 295 1542 in
312 1507 384 1559 capto
400 1495 499 1560 pedore
515 1496 574 1547 sedit
591 1515 680 1557 amor;

4 1567 5 1570 ’
96 1564 181 1631 Majus
195 1583 257 1631 opus
270 1567 374 1633 superest
391 1568 454 1617 :sed
470 1586 537 1629 non,
555 1572 609 1637 quia
624 1573 698 1624 serior
714 1586 780 1643 aegro
812 1576 815 1583 '

4 1681 5 1688 ,
133 1638 273 1697 Advocor,
289 1640 330 1689 ille
346 1640 402 1689 mihi
419 1641 582 1693 destituendus
600 1646 657 1695 erit.
821 1661 870 1697 110

4 1709 5 1728 ¹
96 1710 178 1776 Quam
194 1712 263 1764 laesus
280 1712 359 1763 suerat
376 1727 469 1780 partem
485 1715 607 1767 Poeantius
624 1718 716 1779 heros,

134 1784 211 1836 Certi
228 1786 345 1836 debuerat
361 1788 507 1852 praesecuisse
525 1807 605 1840 manu.

95 1857 151 1908 Post
164 1850 246 1909 tamen
259 1860 299 1909 hic
315 1861 405 1910 multos
421 1861 514 1916 sanatus
531 1864 637 1914 creditur
652 1880 728 1916 annos

131 1932 273 1999 Supremam
288 1934 358 1983 bellis
373 1935 505 1999 imposuisse
521 1954 625 1987 manum.

95 2006 146 2071 Qui
161 2003 236 2056 modb
252 2006 379 2058 nascentes
396 2010 553 2075 properabam
567 2012 660 2074 pellere
677 2009 793 2069 morbos,
817 2025 864 2075 115

90 2102 104 2113 κ
130 2079 262 2130 Admoveo
276 2080 367 2130 tardam
383 2097 447 2130 nunc
463 2081 506 2130 tibi
522 2083 602 2131 lentus
618 2099 698 2149 opem.

92 2152 144 2205 Aut
160 2169 244 2212 nova,
262 2153 283 2203 si
296 2154 397 2220 possis,
414 2154 497 2206 sedare
512 2156 621 2206 incendia
637 2168 739 2218 temese
815 2164 818 2167 '

129 2228 181 2277 Aut
198 2227 239 2277 ubi
254 2228 376 2293 pereites
390 2229 542 2294 procubuere
559 2230 621 2280 suas.

92 2300 156 2351 Cdm
172 2300 241 2350 sutor
255 2301 279 2349 in
294 2300 364 2351 cursu
379 2301 433 2361 est,
450 2303 557 2353 currenti
575 2303 635 2353 cede
652 2302 747 2354 sutori:

127 2371 249 2425 Difficiles
264 2373 341 2424 aditus
355 2374 460 2441 impetus
475 2377 553 2427 omnis
567 2378 649 2426 habet.
815 2390 865 2429 120

92 2447 206 2506 Stultus,
224 2448 255 2497 ab
272 2447 371 2513 obliquo
387 2446 498 2515 quietim
515 2450 663 2501 descendere
679 2450 776 2516 possit,

127 2521 222 2589 Pugnat
236 2520 260 2570 in
276 2520 386 2571 adversae
402 2522 438 2571 ite
453 2534 550 2573 natator
565 2540 649 2591 aquas.
756 2580 759 2587 ¹

91 2595 221 2660 impatiens
237 2593 347 2655 animus,
364 2611 411 2645 nee
427 2596 505 2646 adhuc
521 2597 649 2647 traslabilis
666 2610 719 2649 arte

126 2667 248 2734 Respuit,
266 2681 339 2734 atque
354 2668 411 2718 odio
426 2671 502 2720 verba
517 2670 638 2721 monentis
654 2671 736 2723 habet.

91 2741 226 2809 Aggrediar
238 2738 323 2792 melitis
338 2753 397 2792 tunc
406 2776 415 2803 ,
434 2742 488 2793 crim
505 2744 544 2794 sua
557 2747 656 2795 vulnera
672 2744 739 2813 tangi
811 2757 859 2809 125

126 2814 179 2866 Jam
195 2814 280 2873 sinet,
300 2814 326 2865 dt
341 2815 406 2866 vetis
421 2816 524 2869 vocibus
540 2830 609 2886 aptus
626 2818 681 2867 erit.

92 2886 151 2954 Quis
166 2900 289 2946 matrem,
306 2888 351 2938 nisi
366 2891 453 2939 mentis
469 2891 558 2957 inops,
578 2894 603 2940 in
621 2890 705 2940 sunere
721 2888 772 2939 nati
786 2908 798 2918 ·

126 2962 198 3015 Flere
215 2957 307 3014 vetet?
325 2978 376 3015 non
389 2964 438 3014 boc
452 2963 493 3015 illa
508 2965 627 3017 monenda
641 2964 709 3014 loco.
767 2962 774 2968 '

692 3055 752 3125 mrj
