2034 3709
50 289 56 303 ,
159 186 315 303 [ιω
336 233 403 303 III.
429 234 608 304 EtaorA
640 238 716 306 VII.
746 239 817 331 183

104 353 219 405 Carmine
235 352 293 402 lesa
307 352 384 403 Ceres
400 352 504 405 sterilem
518 354 649 405 vanescit
641 373 667 407 m
683 357 802 409 herbam:

139 422 268 477 Deficiunt
283 427 336 477 tesi
351 430 456 477 carmine
470 428 547 479 sontis
563 442 653 495 aqttaet

103 501 204 551 Ilicibus
220 500 338 567 glandes,
356 492 500 569 cintataque
517 502 605 551 vitibus
621 520 669 553 uva

140 574 264 633 Decidit,
285 574 311 624 δι
328 575 396 623 nullo
411 590 483 659 potue
498 587 615 627 movente
630 577 730 629 cadunt.

104 646 173 713 Quid
188 659 257 697 vetat
274 646 300 697 &
313 663 402 698 nervos
419 648 523 717 magicus
538 661 638 716 torpere
654 667 699 716 per
715 648 802 705 artes?
828 665 861 719 35

142 720 278 773 Forsitan
270 721 398 787 impatiens
414 720 443 771 sit
458 724 521 773 latus
537 723 594 772 inde
610 740 700 775 meum.

103 793 162 846 Huc
179 794 259 861 pudor
275 795 381 845 accessit
396 794 477 846 sassi:
494 795 575 861 pudor
591 796 641 863 ipse
659 798 774 850 nocebat.

141 869 187 918 ille
206 868 252 917 suit
267 868 321 917 vitii
336 868 406 917 causa
422 868 526 918 secunda
543 870 599 919 mei.

102 941 138 993 At
154 943 251 1026 qtusept
263 941 315 990 vidi
330 939 424 991 ta'uttint
439 942 558 1026 tetigique
575 944 700 1009 puellam,

141 1016 184 1065 Sic
202 1016 275 1065 etiam
290 1014 374 1064 tunica
389 1015 495 1083 tangitur
508 1015 558 1081 ipsa
573 1016 624 1067 sui.

102 1088 173 1139 iilius
188 1089 219 1139 ad
232 1088 320 1138 cattum
335 1086 419 1155 Pylius
435 1087 594 1152 juvenescere
612 1089 709 1155 possit,

141 1162 316 1227 Tithonosque
332 1162 400 1211 aunis
415 1162 504 1212 sortior
521 1161 569 1211 effe
585 1162 641 1213 suit.

141 1308 211 1373 Quas
228 1325 292 1357 nunc
308 1308 442 1375 concipiam
458 1324 504 1373 per
520 1324 584 1357 nova
600 1321 659 1359 vota
675 1309 787 1377 preces?

102 1381 190 1432 Credo
205 1382 278 1431 etiam
291 1398 411 1448 magnos,
427 1398 476 1447 quo
489 1382 539 1431 sunu
555 1393 604 1431 tarn
616 1384 721 1449 turpiter
733 1384 807 1443 usus,
827 1397 861 1447 45

140 1455 254 1505 Muneris
271 1455 345 1503 oblati
361 1454 495 1520 poenituisse
508 1450 590 1505 Deos.
646 1504 653 1513 ,

103 1528 230 1595 Optabam
247 1527 316 1577 certi
331 1529 428 1592 recipi3
448 1528 499 1577 suut
516 1542 603 1595 nempe
620 1542 755 1597 receptus:

140 1601 238 1652 Oscula
248 1601 335 1658 setre3
353 1602 400 1649 tuli
415 1616 424 1650 t
439 1602 563 1667 proximus
579 1600 626 1651 effe
639 1618 648 1659 3
667 1604 712 1653 sui.

29 1684 33 1691 '
102 1673 166 1741 Qud
182 1675 240 1725 mihi
256 1676 360 1724 sortunae
376 1672 491 1724 tantum?
511 1672 559 1739 qud
576 1691 651 1743 regna
668 1676 719 1727 sine
734 1673 800 1727 usu?

142 1749 212 1813 Quid
229 1748 273 1798 nisi
289 1746 380 1813 possedi
398 1748 465 1797 dives
482 1764 567 1797 avarus
585 1746 668 1814 opes?
832 1763 866 1813 50

103 1823 146 1873 Sic
162 1822 316 1883 aretmediis
331 1819 400 1871 taciti
416 1822 529 1889 vulgator
544 1822 568 1871 in
583 1822 674 1881 undis;

141 1895 285 1962 Pomaque,
303 1911 356 1961 quae
370 1895 437 1944 nullo
454 1907 566 1959 tempore
584 1906 685 1963 tangat,
701 1895 785 1948 habet.

103 1969 128 2021 Α
144 1970 232 2020 teucri
247 1968 421 2035 quisquamne
438 1968 513 2036 surgit
526 1985 597 2017 mane
614 1967 713 2034 puelli,

142 2042 258 2093 Protinus
274 2054 302 2091 ut
317 2041 409 2093 sanstus
425 2044 503 2109 possit
521 2041 588 2091 adire
605 2040 687 2093 Deos.

104 2117 156 2168 Sed
167 2134 219 2166 non
228 2115 333 2175 blanda
351 2127 431 2199 puto,
448 2132 498 2165 non
510 2115 601 2181 optima
611 2111 735 2183 perdidit
726 2131 751 2164 tn
761 2130 800 2167 rne
832 2130 863 2179 55

144 2190 259 2241 oscula.
276 2204 326 2239 nou
342 2206 408 2239 omni
401 2188 554 2239 solicitavit
570 2204 629 2255 ope.

104 2264 149 2316 1112
169 2280 256 2333 graves
271 2262 352 2329 potuit
369 2279 493 2328 quercus,
512 2261 684 2329 adamantaque
702 2260 806 2321 durum,

145 2339 271 2405 Surdaque
285 2334 405 2387 blanditiis
422 2335 476 2388 saxa
492 2351 594 2387 movete
611 2335 666 2387 suis.

105 2412 190 2479 Digna
207 2426 308 2461 movere
325 2409 372 2461 suit
389 2407 456 2459 certi
472 2410 594 2475 vivosque
610 2410 746 2475 virosque:

142 2485 193 2534 Sed
208 2501 287 2552 neque
303 2494 355 2533 tum
368 2482 440 2541 uixit
457 2498 504 2531 nec
520 2483 576 2540 vir,
595 2494 715 2542 utente,
734 2480 778 2532 sui.
830 2478 866 2531 60

105 2553 282 2623 Quid'juvet,
300 2556 332 2605 ad
346 2556 427 2606 surdae
443 2555 466 2605 ei
482 2567 564 2605 cantet
579 2552 691 2609 Phemius
707 2552 802 2607 aures?

144 2631 211 2696 Quid
229 2632 338 2681 miserum
355 2629 494 2696 Thamyran
510 2628 572 2693 pieta
588 2629 676 2679 tabella
691 2626 784 2695 juvet?

105 2704 143 2755 At
159 2722 213 2771 que
228 2720 278 2755 non
293 2703 368 2757 taciti
386 2702 487 2754 formavi
504 2701 590 2769 gaudia
607 2702 709 2753 mente!

145 2778 217 2843 Quos
235 2795 282 2845 ego
299 2795 349 2828 nou
362 2775 421 2827 finxi
438 2775 587 2843 disposuique
603 2774 710 2826 modos!

106 2852 132 2903 N
134 2851 195 2901 ostra
205 2864 288 2901 tamen
298 2850 395 2913 iacuere
406 2883 413 2908 ,
429 2851 497 2900 velut
507 2861 650 2914 premortua
662 2883 671 2907 ,
689 2847 794 2899 menbra
830 2846 846 2897 6
850 2860 864 2911 5

143 2925 282 2993 Turpiter,
300 2923 410 2976 hesterni
425 2923 574 2990 languidiora
591 2920 658 2975 toti.
