2034 3709
258 262 677 355 Prurzoem
763 275 840 363 3m

124 378 211 431 Curre
227 382 325 446 placent
338 380 398 440 ulii,
416 380 438 432 si
453 380 545 431 suntin
560 380 657 434 fletibus
674 380 740 435 ora?

163 454 312 519 Deperit'&
329 455 441 521 lacrymis
458 472 508 505 non
523 456 599 505 decor
617 456 658 506 iiie
673 454 742 508 tibi?

125 524 198 578 Prsia
208 544 305 595 quoque
316 544 343 578 es
352 530 459 579 thalamo
470 562 477 588 ‚
491 528 536 577 nisi
547 530 648 579 mendax
660 533 709 581 teia
720 524 834 584 moremi'
840 566 847 593 ,

163 600 195 649 Et
212 614 318 668 coeptum
333 617 437 651 revoces
455 602 540 651 callida
558 602 651 669 semper
668 621 740 674 opus.
779 635 795 645 ·-

125 674 175 728 Ars
189 676 228 740 piai
243 691 253 726 τ
268 675 309 725 sed
326 676 423 743 quoties
438 676 526 725 oculos
543 675 687 727 srustrabere
704 677 777 739 lani,
853 693 884 744 55

164 747 301 798 Successum
315 748 391 799 toties
408 766 446 798 ars
461 749 526 799 dabit
541 748 581 799 ista
596 750 650 801 tibi.

128 821 168 875 Ah
185 822 192 871 !
208 820 312 881 melitis,
329 821 502 889 Polypheme,
517 836 562 873 tuo
579 823 702 891 superatus
718 824 744 876 in
759 836 849 886 antro,

163 894 273 946 Finisi'em
289 896 398 963 ingratos
415 895 444 945 ad
460 898 521 946 mala
537 908 604 946 tanta
621 898 692 949 diesi

126 967 249 1019 Threicio
264 963 352 1019 melitis
369 968 503 1020 cecidissem
520 970 595 1021 milite
612 971 707 1032 vissus,

165 1042 271 1093 ismaron
287 1054 397 1093 errantes
412 1041 466 1091 caim
480 1054 584 1093 tenuere
601 1058 686 1096 rates:
851 1044 887 1097 60

53 1152 58 1157 ·
128 1116 293 1175 Crudelemve
309 1117 352 1165 iilo
369 1115 483 1165 satiassem
498 1128 610 1183 tempore
626 1117 731 1179 Ditem,
821 1112 826 1117 ¹

163 1188 224 1252 Quo
238 1188 300 1240 redii
317 1190 426 1256 Stygiis,
441 1189 489 1239 fata
503 1203 631 1250 moratus,
648 1192 726 1259 aquis.

125 1263 186 1320 vidi
196 1263 237 1312 ubi
247 1297 255 1322 ,
277 1264 436 1330 nequicquam
445 1263 511 1328 quod
521 1278 559 1312 me
570 1274 613 1314 tua
623 1263 694 1315 litera
705 1265 768 1315 celat
779 1296 789 1325 ,

161 1336 250 1403 Sospes
264 1335 368 1404 digresso
382 1353 436 1404 quae
451 1335 508 1386 mihi
522 1348 599 1387 mater
615 1350 677 1388 erat.

123 1410 220 1462 Retulit
228 1411 270 1460 ilis
281 1409 365 1459 domus
376 1410 461 1460 eadem
472 1410 551 1460 maiar
564 1426 651 1478 meque
661 1422 804 1479 querentem
854 1411 885 1477 65

162 1484 251 1551 Fugit,
270 1485 300 1533 ab
314 1483 429 1549 amplexu
445 1490 484 1533 te'r
499 1484 606 1534 resoluta
624 1501 689 1535 meo.

123 1538 299 1623 Phyliaciden
301 1557 375 1606 vidis
393 1558 523 1606 contemtis
540 1556 664 1617 sortibus,
681 1558 724 1609 ille

163 1629 281 1680 Pn'mus
274 1647 299 1680 sn
313 1628 450 1679 Hesioreas
465 1629 546 1679 intulit
561 1646 626 1680 arma
643 1630 740 1681 domos

124 1703 195 1756 Felix
211 1702 307 1753 laudata
320 1718 375 1751 cum
390 1699 517 1771 conjuge!
534 1703 589 1752 laeta
602 1719 647 1769 per
661 1704 755 1777 umbras

162 1777 207 1826 lila
223 1777 290 1825 suum
307 1775 407 1825 sortes
400 1788 419 1823 rt
437 1774 554 1825 comitata
570 1776 658 1827 vitum.
851 1795 885 1842 70

123 1850 181 1900 Nec
199 1850 255 1899 dum
271 1849 307 1899 illi
321 1847 436 1898 Lachesis
453 1847 532 1898 didos
549 1842 720 1900 numeraverat
734 1862 831 1901 sonos:

163 1922 235 1972 Sed'
227 1936 300 1989 Juvat
314 1935 371 1971 ante
388 1920 491 1971 suum
470 1937 507 1970 sic
523 1920 633 1970 cecidisse
649 1920 722 1971 diem.

124 1995 206 2055 Vidii,
225 2012 272 2047 nec
290 1997 408 2061 iacrymas
425 1993 490 2045 oculi
505 2006 608 2045 tenuere
625 1994 759 2053 cadentes,

163 2070 308 2119 Deformem
326 2068 450 2124 Atriden,
467 2068 508 2117 hei
525 2066 604 2117 mihi.
597 2066 605 2101 ⁸
621 2067 688 2117 crede
705 2064 778 2118 novi.

125 2143 198 2194 illum
213 2142 291 2209 Troia
306 2141 384 2191 virum
400 2156 450 2191 non
464 2139 583 2190 leserat·
599 2140 640 2189 ille
655 2140 777 2191 furentem
850 2157 882 2205 75

164 2216 309 2282 Nauplion,
325 2212 451 2265 Euboicos
468 2212 646 2279 transieratque
665 2214 741 2264 sinus.

126 2289 195 2355 Quid
211 2288 311 2339 reserti
328 2287 430 2338 animam
443 2304 489 2354 per
502 2286 606 2336 vulnera
624 2287 691 2337 misle
704 2280 830 2359 profudit,

164 2362 216 2415 Jam
233 2362 318 2413 reduci
335 2361 431 2422 solvens
447 2361 528 2411 debita
541 2372 601 2410 vota
615 2359 681 2411 Iovi.

130 2435 254 2505 Tyndaris
270 2436 314 2487 has
331 2435 366 2485 ini
380 2433 439 2485 laeso
451 2450 497 2502 pro
515 2432 609 2501 sordere
624 2448 710 2499 poenas
820 2426 825 2436 ’

56 2554 69 2559 ,
164 2510 312 2568 struxeram
330 2520 446 2559 externos
463 2508 513 2575 ipsa
530 2508 612 2557 secuta
627 2507 704 2557 viros.
854 2506 887 2557 80

127 2581 169 2635 Ah
182 2583 189 2632 i
201 2583 260 2632 mihi
276 2582 333 2649 quid
347 2580 462 2648 prodest,
484 2581 591 2645 captivas
600 2578 736 2631 'seueridas
751 2578 816 2631 inter

166 2654 228 2707 Crim
244 2655 315 2707 iiaret
333 2653 424 2720 conjux
444 2652 557 2705 Hesioris
573 2666 647 2721 atque
664 2654 751 2713 soror,

129 2730 240 2781 Desesiis
254 2729 374 2780 Hecuben
392 2725 473 2794 potiris
489 2726 571 2796 legisse
588 2726 629 2777 sub
644 2728 732 2787 annis,

167 2802 206 2853 Ne
222 2802 266 2854 tibi
282 2802 400 2869 suspesius
417 2801 511 2867 pellicis
527 2798 586 2851 esset
600 2798 690 2850 amor?
799 2848 803 2856 ,

130 2876 208 2928 Prima
224 2876 286 2926 meis
301 2892 372 2926 omen
389 2875 544 2925 metuendum
560 2874 681 2940 puppibus
696 2873 736 2923 illa
853 2871 885 2935 85

167 2949 236 3001 Fecit
253 2963 261 3001 t
277 2965 328 3001 non
341 2947 453 3001 membris
468 2948 517 3015 ipsa
533 2958 630 3014 reperta
647 2946 704 2997 suis·

732 3036 796 3088 Oiv
