2034 3709
151 224 311 293 Lraan
334 224 415 293 111.
442 223 628 293 aratu
653 225 709 297 ΙΙ.
740 228 827 323 173'
889 168 892 173 Ι

102 344 144 395 Tu
156 359 270 411 quoque,
282 342 422 410 quispellas
433 341 557 409 pollone,
570 353 611 393 tua
622 344 739 395 contrahe
751 362 819 399 crura
831 380 839 407 ‚

141 419 167 468 Si
181 417 261 483 pudor
275 416 308 466 eu
327 433 335 467 z
354 416 432 485 rigido
447 432 494 467 nec
512 431 594 482 preme
610 428 678 484 terga
693 434 767 485 genu.

103 491 152 541 Sed
169 489 267 541 uirnirlm
283 488 377 539 demissa
391 491 474 556 jacent
491 489 535 541 tibi
550 490 621 553 pallia
638 502 730 543 terrae:
823 508 838 544 2
843 506 856 556 5

140 564 238 632 Collige
251 596 258 621 ‚
275 565 315 613 vel
330 563 409 630 digitis
424 580 456 613 en
472 578 520 631 ego
536 564 599 612 tollo
614 564 684 615 ineis.

102 637 188 689 Invida
204 635 275 689 vestis
291 653 362 695 eras,
381 653 434 703 quat
450 648 500 687 tam
518 638 582 687 bona
598 652 667 688 crura
682 639 806 705 tegebat:

140 710 249 779 Quoque
264 711 338 777 tnagis
353 710 464 775 spella,
482 709 563 759 invida
579 708 651 760 vellis
667 726 730 765 eras·

101 784 173 834 Talia
188 783 316 835 Melanion
332 783 458 833 Atalantes
473 800 542 835 aura
559 782 652 851 iugatis

140 857 246 923 Optavit
263 856 370 907 manibus
386 855 512 907 sustinuiffe
528 857 584 907 suis.
822 872 858 925 30

101 931 172 982 Talia
190 930 316 981 succinllae
331 930 461 998 pinguntur
475 948 544 981 crura
560 930 667 991 Dianae,

139 1003 204 1054 Cium
220 1004 325 1070 sequitur
341 1004 436 1062 fortes,
454 1003 541 1055 fortior
557 1003 624 1070 ipsa,
642 1006 717 1057 ferat.

92 1076 148 1140 ‚His
166 1094 214 1145 ego
230 1094 280 1127 nou
293 1078 351 1127 visis
364 1077 412 1127 arsi
429 1093 436 1127 :
453 1077 511 1143 quid
524 1076 567 1127 fiet
583 1079 612 1127 ab
628 1077 703 1129 istis?

139 1152 169 1200 ln
187 1151 304 1201 flammam
319 1151 445 1206 flammas,
464 1152 489 1201 in
504 1167 571 1201 mare
582 1150 665 1201 lundis
683 1167 766 1217 aquas.

101 1224 216 1290 Suspicor
233 1241 265 1275 ex
279 1223 327 1275 istis
344 1224 370 1275 δι
384 1236 467 1273 cetera
480 1224 546 1290 polle
561 1225 676 1291 placere,
824 1236 855 1291 35

140 1298 206 1362 Quae
221 1299 285 1355 bene
300 1298 342 1347 iub
357 1297 426 1347 tenui
442 1298 539 1349 condita
554 1297 618 1349 veste
632 1299 721 1351 latent.

101 1372 149 1425 Vis
166 1383 249 1421 tamen
264 1372 356 1421 interea
370 1370 453 1421 faciles
468 1370 585 1423 arcessere
600 1383 710 1431 ventos,

140 1443 752 1508 Qmffimfflmss

101 1515 143 1588 ¹Au
160 1517 236 1587 magis
252 1519 291 1584 hic
307 1534 374 1567 meus
392 1516 425 1568 est
440 1518 529 1578 animi,
548 1536 597 1569 non
613 1520 692 1578 airis,
710 1516 802 1570 estus?

141 1588 269 1658 Captaque
287 1590 405 1641 femineus
419 1591 518 1656 pellora
533 1603 612 1641 torret
629 1591 720 1641 amor?
821 1606 858 1655 40

100 1661 169 1714 Dum
180 1666 268 1730 loquor
279 1698 288 1723 ‚
306 1665 358 1713 alba
368 1664 417 1713 levi
427 1664 503 1731 sparsa
514 1664 600 1715 esttibi
611 1666 711 1730 pulvere
722 1664 802 1716 vetis.

140 1736 264 1797 Sordide,
282 1738 314 1787 de
330 1737 403 1787 niveo
419 1754 543 1803 corpore,
562 1740 659 1805 pulvis,
677 1738 725 1789 abi.

100 1810 151 1863 sed
166 1810 216 1876 jani
229 1828 317 1878 pompa
333 1812 400 1861 venit
415 1827 422 1861 ι
438 1812 524 1879 linguis
539 1812 671 1878 animisque
688 1811 780 1863 lavere.

139 1883 248 1951 Tempus
263 1883 327 1934 adest
342 1882 438 1951 plausus
454 1901 462 1935 ι
478 1902 552 1935 aurea
569 1902 657 1951 pompa
673 1885 750 1934 venit.

99 1957 182 2011 Prima
197 1959 256 2008 loco
272 1959 349 2008 fertur
364 1959 439 2023 passis
454 1959 562 2012 Vidtoria
578 1958 684 2023 pennis:
823 1972 855 2019 45

95 2072 100 2081 .
140 2032 197 2081 Huc
212 2030 290 2090 aden
309 2031 336 2082 dt
351 2047 419 2081 meus
433 2031 472 2081 hic
489 2032 544 2091 fac,
562 2032 637 2088 Dea,
653 2031 734 2080 vincat
751 2047 826 2081 arnor.

100 2104 214 2157 Plaudite
232 2105 367 2171 Neptuno,
385 2102 482 2155 nimium
497 2112 538 2171 qul
554 2104 653 2154 creditis
668 2104 757 2155 undis:

139 2179 183 2227 Nil
200 2178 258 2227 mihi
271 2195 326 2227 cum
342 2179 430 2245 pelago
446 2193 455 2228 c
471 2195 510 2227 rne
526 2195 579 2227 mea
595 2189 659 2227 terra
675 2177 750 2242 capit.

99 2249 193 2303 Plaude
209 2263 271 2309 tuo,
289 2252 374 2309 miles,
394 2250 493 2303 Marti:
511 2268 555 2301 nos
574 2251 666 2303 odimus
684 2268 757 2301 arma.

141 2322 291 2387 partiunt,
310 2323 336 2373 dt
350 2323 428 2373 media
442 2340 502 2390 pace
517 2334 628 2389 repertus
645 2324 730 2373 Amor.
784 2326 786 2331 ’
825 2339 859 2389 5o

100 2397 243 2464 Auguribus
259 2397 364 2448 Phoebus
376 2430 383 2455 ‚
397 2395 489 2447 Phoebe
504 2397 646 2448 venantibus
662 2398 744 2449 adsit:

140 2469 254 2521 Artifices
269 2470 294 2519 in
310 2482 336 2521 te
352 2482 441 2529 verte,
459 2470 591 2531 Minerva,
610 2488 703 2522 mantis.

99 2544 226 2596 Ruricolae
241 2543 346 2601 Cereri,
365 2556 502 2611 teneroque
519 2545 628 2611 allurgite
645 2546 762 2597 Baccho:

141 2617 267 2668 Pollucem
284 2617 377 2685 pugiles
388 2651 396 2675 ‚
406 2616 513 2667 'Castora
529 2620 610 2684 placet
625 2635 710 2684 eques.

100 2694 156 2742 Nos
167 2690 230 2749 tihi,
243 2690 328 2739 blanda
341 2692 427 2744 Venus
438 2725 446 2750 ,
457 2692 587 2759 puerisque¹
598 2694 737 2757 potentibus
749 2708 805 2743 arcu
826 2705 857 2755 55

141 2762 279 2813 Plaudirnus
294 2776 302 2817 t
320 2762 431 2830 inceptis
441 2781 541 2825 annue,
558 2765 644 2823 Diva,
663 2766 732 2815 meisi

86 2838 193 2901 ¹Daque
209 2852 279 2886 novae
295 2848 400 2888 mentem
416 2838 537 2896 dominae,
558 2839 663 2904 patiatur
679 2838 762 2889 amari.

139 2909 255 2973 Annuit3
273 2909 299 2963 δι
312 2922 380 2965 motu
396 2910 463 2981 sigua
480 2911 584 2963 secunda
602 2912 678 2961 dedit.

703 3003 727 3055 rr
743 3001 768 3069 ἢ]
