2034 3709
228 280 302 353 190
350 253 845 327 OrrnrrAnronvnr

257 412 916 463 n=====w=---2
1012 425 1013 438 ι

387 532 643 597 ELEGIA
701 531 777 594 XI.

224 628 400 749 Mum
417 692 506 761 diuque
522 692 568 744 tuli
586 708 594 745 z
609 690 675 743 vitiis
688 688 806 757 patientia
823 690 890 741 vidia
906 690 951 742 est.

263 768 332 819 Cede
347 768 449 835 fatigato
464 766 583 834 pedlore,
598 766 676 831 turpis
690 764 776 815 Amor.

225 842 325 893 Scilicet
339 840 422 891 asserui
436 838 484 906 jan
500 858 558 899 nte,
578 840 677 907 fugique
695 850 813 901 catenas:

262 914 293 965 Et
309 931 362 980 quar
377 914 495 980 depuduit
511 914 596 971 ferre,
615 910 692 962 tulille
708 912 794 976 pudet.

201 988 353 1057 5Vicinrus;
371 986 397 1037 δι
412 987 530 1036 domitum
545 986 646 1053 pedibus
661 985 780 1035 calcamus
796 982 931 1037 Amorem.

262 1062 393 1113 Venerunt
408 1060 482 1126 capiti
498 1076 591 1109 cornua
607 1058 658 1108 sera
673 1074 739 1107 meo.

226 1134 312 1187 Perfer
329 1134 355 1183 δι
372 1134 465 1183 obdura
481 1148 490 1184 t
508 1133 579 1182 dolor
591 1132 631 1181 hic
646 1131 691 1180 tibi
706 1128 817 1196 proderit
835 1130 905 1180 olim.

263 1208 335 1274 Saepe
351 1208 407 1257 tulit
423 1207 492 1257 lassis
509 1205 593 1256 succus
610 1221 702 1254 amatus
720 1220 804 1269 opem.

225 1283 294 1349 Ergo
310 1296 357 1347 ego
373 1279 485 1339 sustinui,
502 1279 596 1329 loribus
611 1290 659 1327 tarn
674 1277 736 1343 saepe
751 1277 884 1341 repulsus,

185 1374 218 1411 10
264 1354 397 1421 Ingenuum
417 1352 475 1403 duri
494 1368 587 1419 ponere
604 1367 692 1417 corpus
711 1351 796 1399 humo.

227 1426 293 1493 Ergo
309 1441 357 1493 ego
372 1426 455 1475 nescio
470 1426 529 1484 cui,
547 1441 618 1491 quem
634 1436 662 1475 tu
677 1424 806 1489 complexa
820 1422 948 1482 tenebas,

262 1498 374 1549 Excubui
388 1498 512 1555 clausam,
529 1498 611 1547 servus
627 1509 673 1554 ut,
690 1507 747 1546 ante
762 1496 874 1545 domurn.

224 1572 306 1631 Vidi,
324 1569 379 1621 clun
395 1572 489 1622 loribus
505 1568 575 1621 lall'us
591 1570 702 1638 prodiret
718 1582 834 1628 amator,

264 1646 398 1715 Invalidum
413 1645 523 1695 referens
539 1644 714 1709 emeritumque
731 1643 807 1693 latus.

184 1737 216 1787 ¹5
227 1718 285 1769 Hoc
295 1730 376 1767 tamen
388 1716 421 1767 est
431 1718 511 1767 levius
522 1751 531 1775 ,
546 1721 615 1784 qulun
627 1716 693 1783 quod
703 1716 753 1767 sum
763 1716 828 1767 visus
840 1718 872 1765 ab
883 1716 928 1766 illo
941 1732 949 1765 τ

263 1792 366 1843 Eveniat
381 1789 464 1840 nostris
480 1790 585 1839 hostibus
602 1790 643 1839 ille
660 1790 748 1856 pudor.

228 1865 335 1932 Quando
352 1880 400 1933 ego
415 1880 464 1913 non
480 1862 542 1914 fixtts
558 1864 630 1913 lateri
647 1861 771 1929 spatiantis
787 1859 909 1918 adhaesi?

265 1938 319 2003 lpse
333 1950 389 1989 tuus
404 1936 503 1995 custos,
519 1936 569 2004 ipse
584 1937 622 1986 vir
634 1969 643 1994 ‚
655 1936 704 2002 ipse
720 1952 814 1985 comes.

228 2012 328 2065 Scilicet
344 2012 370 2063 bt
385 2012 477 2078 populo
492 2026 537 2076 per
552 2026 590 2059 me
607 2021 704 2059 cantata
719 2010 855 2075 placebas:

184 2104 219 2141 ιο
264 2084 342 2135 Causa
359 2084 405 2135 fuit
420 2084 501 2133 multis
519 2082 599 2133 noller
613 2083 702 2132 amoris
719 2099 795 2133 arnor.

227 2158 321 2223 Turpia
336 2158 393 2225 quid
407 2158 512 2207 referam
526 2172 594 2205 vanae
610 2154 734 2205 mendacia
750 2154 869 2223 linguae?

265 2232 298 2281 Et
312 2230 449 2298 periuratos
467 2230 491 2279 in
507 2246 560 2279 mea
575 2230 659 2279 damna
674 2226 770 2277 Deos?

229 2302 296 2367 Quid
313 2304 428 2369 juvenum
441 2304 530 2353 tacitos
547 2303 611 2352 inter
627 2302 739 2351 convivia
752 2301 853 2351 nurus?

265 2378 398 2443 Verbaque
415 2376 556 2443 compositis
572 2376 717 2425 dissimulata
732 2372 823 2424 notis?

183 2468 217 2518 25
230 2450 301 2502 Ditta
312 2462 364 2500 erat
374 2466 439 2517 aegra
449 2450 507 2499 rnilri
519 2466 527 2499 t
538 2447 647 2515 praeceps
658 2464 788 2515 amensque
800 2446 910 2499 cucurri.

246 2520 256 2525 ’
269 2524 356 2581 Veni3
374 2524 400 2573 δι
417 2524 486 2573 rivali
500 2539 550 2572 non
567 2534 620 2571 erat
635 2540 699 2590 aegra
715 2538 782 2571 meo.

229 2596 295 2654 llis,
313 2596 339 2646 &
354 2612 406 2662 quae
420 2608 513 2655 taceo,
531 2595 616 2645 duravi
631 2596 693 2661 sape
706 2594 823 2644 ferendis.

267 2669 358 2733 Quaere
373 2669 464 2726 alium,
483 2686 530 2734 pro
544 2686 583 2719 me
592 2670 640 2735 qui
656 2680 729 2735 queat
743 2668 785 2717 illa
801 2668 864 2733 pati.

230 2744 283 2798 Jarn
298 2758 371 2799 mea,
388 2741 472 2790 votivi
486 2743 573 2808 puppis
588 2742 699 2791 redimita
716 2740 828 2799 coronl,

187 2832 222 2887 30
267 2816 344 2866 Lenta
358 2815 521 2864 tumescentes
535 2817 638 2881 equoris
654 2816 720 2863 audit
735 2830 817 2879 aquas.

232 2891 326 2941 Desine
342 2887 486 2945 blanditias,
506 2888 532 2938 δι
548 2890 623 2937 verba
638 2886 749 2952 potentia
766 2887 909 2953 quondam,

272 2962 378 3013 Perdere
394 2977 401 3012 :
419 2977 468 3015 non
486 2978 534 3031 ego
550 2960 599 3012 lum
616 2960 718 3022 stultus,
736 2974 764 3011 ut
778 2974 837 3011 ante
855 2961 900 3010 lui.
