2034 3709
196 223 249 295 80*
293 221 334 291 P.
364 219 554 294 omn
578 219 800 294 Nasours

134 355 184 408 305
199 341 327 393 Hunccine
337 353 363 392 tu
374 341 454 406 speres
466 341 588 392 hominem
597 340 649 392 sine
658 341 757 408 pellore
768 343 842 394 dotes

233 415 300 465 Poll'e
312 415 366 464 satis
376 415 475 470 formae,
487 415 613 483 Tyndari,
626 415 691 464 nolle
701 413 768 466 tuae?

195 489 294 541 Falleris
305 504 313 539 ι
324 488 420 556 ignorat
433 505 441 547 3
456 505 501 538 nec
512 522 519 547 ‚
538 489 557 538 si
567 490 632 556 bona
639 487 727 538 summa
736 493 834 554 putaret

234 561 297 626 Quae
311 573 401 620 tenet¹
418 575 522 612 externo
536 562 648 612 erederet
661 563 778 612 illa-viro.

195 635 232 686 Ut
247 647 273 684 te
288 651 334 685 nec
348 651 401 686 mea
417 653 484 694 vox,
502 650 550 685 nec
562 647 589 686 te
600 651 668 685 meus
682 635 769 685 incitet
778 635 871 695 ardor,

136 723 188 777 310
235 706 352 776 Cogimur
366 709 440 774 ipsius
455 709 626 777 commoditate
642 707 701 758 frui.
913 765 918 773 ,

196 781 249 834 Aut
265 783 353 832 erimus
366 781 446 844 flulti,
463 782 497 832 sic
512 795 540 831 ut
556 782 696 849 superemus
710 781 744 832 δι’
753 781 826 848 ipsum
832 785 851 840 '2

235 854 260 904 Si
273 868 323 905 tarn
340 855 448 905 securum
463 867 558 922 tempus
574 857 650 906 abibit
664 855 739 905 iners.

199 925 272 980 Paene
284 927 330 979 suis
344 928 374 978 ad
386 941 413 978 te
427 930 534 979 manibus
550 928 648 978 deducit
661 940 804 978 amantem:

235 1001 314 1052 Utere
329 1018 379 1052 non
393 1003 454 1052 vafri
469 1003 623 1068 simplicitate
637 1001 693 1051 viri.

138 1087 188 1142 315
200 1074 256 1124 Sola
267 1073 337 1142 jaces
344 1075 418 1125 viduo
432 1087 481 1125 tarn
491 1074 564 1142 longi
573 1075 644 1125 nolle
654 1073 727 1125 cubili
732 1091 745 1127 r

237 1149 265 1198 ln
280 1149 354 1202 viduo
367 1147 439 1215 jaceo
451 1149 519 1199 -solur
533 1149 560 1198 dt
572 1149 622 1217 iple
634 1161 701 1200 toto.

192 1221 240 1272 -Te
251 1221 330 1281 mihi,
347 1239 435 1288 meque
445 1223 489 1272 tibi
502 1223 640 1272 communie
646 1221 730 1290 gaudia
744 1219 858 1288 jungant.

239 1293 372 1345 Candidior
388 1295 468 1346 medio
486 1312 537 1346 nox
555 1297 602 1347 eric
618 1295 723 1360 illadie.
755 1358 757 1361 Ι

201 1368 273 1421 Tunc
290 1385 341 1436 ego·
350 1367 437 1435 jurabo
453 1371 546 1436 querit
559 1370 607 1419 tibi
618 1370 714 1419 numina
726 1386 735 1426 ς
750 1383 842 1433 meque

140 1456 193 1508 320
240 1441 375 1510 Adtingam
385 1443 465 1492 verbis
481 1443 505 1492 in
520 1443 585 1494 farra
599 1442 653 1509 jura
668 1443 729 1493 tuis..

201 1515 273 1564 Tunc
288 1531 354 1582 ego,
374 1515 394 1566 si
409 1533 459 1566 non
473 1515 507 1572 est
520 1517 592 1566 fallax
605 1514 694 1566 fiducia
709 1515 804 1572 noll‘ri,

239 1585 366 1662 Efficiam,
384 1589 487 1655 praesens
504 1601 533 1640 ut
547 1606 601 1639 mea
614 1606 690 1658 regna
704 1601 785 1655 petas.

203 1660 229 1712 δι
241 1657 335 1727 pudet
352 1663 378 1714 &
392 1664 497 1722 metuis,
518 1680 549 1712 ne
563 1679 602 1712 me
615 1663 715 1713 videare
731 1661 836 1718 secuta3

153 1747 157 1752 ’
241 1735 294 1800 lpse
309 1752 364 1786 reus
381 1736 432 1786 sine
446 1749 472 1786 te
486 1736 591 1789 criminis
580 1725 677 1802 hujus
692 1751 758 1802 agar.

142 1821 193 1874 325
204 1809 267 1858 Nam
280 1807 364 1876 sequar
372 1807 466 1877 AEgrdae
481 1809 584 1869 sallum,
600 1809 749 1874 fratrumque
764 1819 879 1857 tuorumr

201 1881 359 1967 Exemplo
372 1883 440 1950 tangi
454 1899 505 1934 non
518 1883 633 1954 propiore
649 1895 731 1950 poter.

203 1955 243 2005 Te
260 1955 338 2022 rapuit
352 1955 421 2007 Thes
409 1957 477 2016 s,eus
496 1958 602 2024 geminas
616 1955 775 2022 Leucippidas
788 1942 843 2005 illi:
892 1999 897 2006 .

242 2025 371 2091 Quartus
363 2047 387 2078 m
402 2032 519 2097 exemplis
532 2032 709 2080 annumerabor
723 2045 782 2096 ego.

204 2099 285 2152 Troia
297 2101 378 2153 elissis
389 2103 471 2178 adest,
487 2104 562 2153 armis
575 2103 685 2153 instruite
701 2100 828 2166 virisque:

144 2187 198 2241 330
243 2173 296 2226 Jam
309 2153 410 2225 facient
416 2178 510 2226 celeres
525 2193 605 2226 remus
621 2177 647 2227 δι
661 2193 718 2226 aura
733 2175 796 2225 vias.

207 2246 255 2298 lbis
268 2247 428 2299 Dardanias
421 2265 504 2316 ingens
520 2251 604 2317 regina
621 2266 666 2316 per
678 2250 770 2304 urbes,

232 2321 331 2398 Teque
348 2338 436 2372 novam
451 2322 535 2372 credet
549 2325 635 2390 vulgus
650 2321 729 2372 adelfe'
743 2321 834 2370 Deam.

207 2389 325 2461 Quaque
328 2394 392 2446 feres
406 2393 513 2464 grellur,
529 2397 663 2446 adolebunt
676 2395 783 2444 cinnama
798 2394 916 2449 flamme,

245 2465 383 2533 Caesaques
380 2468 521 2536 anguineam
531 2467 626 2518 viflima
634 2461 741 2558 planget
744 2469 863 2522 humum,

142 2553 179 2607 33
186 2555 198 2604 5
210 2541 288 2592 Dona
297 2551 366 2607 pater
380 2541 531 2608 fratresque,
550 2543 576 2592 δι
587 2559 641 2592 cum
655 2541 772 2608 genitrice
782 2541 879 2589 sorores
890 2569 901 2596 ,

244 2610 334 2664 Iliades
322 2613 377 2682 sque
394 2629 495 2674 omnes,
515 2627 618 2682 totaque
631 2614 726 2680 Troj'a,
744 2615 845 2664 dabunt.

208 2686 258 2738 Hei
269 2687 325 2738 mihi
340 2686 345 2736 !
359 2705 414 2754 pare
424 2705 438 2738 a
447 2705 486 2740 me
499 2689 541 2740 vix
552 2683 638 2739 dicitur
647 2690 696 2738 ulla
706 2688 789 2738 futuri.

246 2759 317 2812 Plura
333 2761 415 2821 feres,
434 2765 504 2828 qudm
519 2779 573 2830 que
588 2763 660 2813 litera
673 2760 753 2812 nostra
767 2759 855 2810 refert.

210 2833 264 2883 Nec
279 2845 307 2884 tu
321 2847 388 2900 rapta
397 2835 474 2893 time,
490 2851 521 2884 ne
536 2852 580 2886 nos
591 2837 643 2886 fera
653 2836 717 2884 bella
729 2833 882 2900 sequantur,

148 2917 201 2970 340
249 2906 402 2988 Concitet&
414 2909 478 2962 vires
492 2909 589 2962 Graecia
599 2925 684 2977 magna
694 2908 756 2959 fuas.
