2034 3709
181 301 251 376 42
298 283 342 356 P.
371 283 557 358 Orrnrr
582 282 806 386 Nrsours

92 415 94 418 ’
134 414 184 465 155
200 404 297 455 Exsulat
305 404 394 473 ignotis
403 403 505 471 Tydeus
515 418 642 470 germanus
651 402 677 453 in
688 401 755 456 oris:

235 477 306 528 Alter
315 478 380 527 fatali
390 478 458 527 vivus
469 478 494 525 in
506 478 562 543 igne
572 476 645 540 perit.

198 550 288 619 Exegit
298 552 387 600 serrum
399 551 438 600 sua
449 566 493 615 per
503 549 641 615 praecordia
650 560 728 600 mater
735 581 752 612 ‚v

236 625 309 690 Impia
319 626 375 691 quid
386 624 478 673 dubitas
487 622 606 673 Deianira
614 620 696 672 mori?
755 652 760 661 ·

198 697 329 765 Deprecor
339 699 387 747 hoc
397 714 468 747 unum
480 730 487 755 ,
499 713 545 763 per
553 695 607 761 jura
617 696 743 746 sacerrima
753 692 830 757 iesii,¹

136 768 186 821 160
234 772 274 821 Ne
284 771 367 821 videar
379 772 435 821 satis
447 770 557 820 insidiata
565 770 623 821 tuis.
772 801 776 805 -

197 844 221 895 N
223 844 297 904 effus,
309 857 336 895 ut
347 845 380 894 eti
389 844 483 893 avidum
493 842 616 910 percussus
623 842 740 893 arundine
750 841 854 909 petius,

234 918 281 968 Hic
292 952 299 976 ‚
312 919 384 977 dixit,
396 919 461 968 vires
471 918 566 983 sanguis
574 918 661 966 amoris
671 917 756 970 habet.

197 991 260 1042 Illita
270 992 360 1041 Nesseo
374 992 427 1041 misi
434 991 477 1041 tibi
487 1002 555 1039 texta
568 1006 678 1040 veneno.

233 1065 307 1131 impia
315 1064 371 1131 quid
380 1065 473 1115 dubitas
482 1062 601 1113 Deianira
609 1061 694 1113 mori?
1007 1121 1008 1132 ἵ

133 1134 165 1186 16
170 1150 181 1199 5
196 1136 300 1204 Jamque
307 1140 362 1187 vsie
374 1172 381 1197 ,
392 1138 521 1203 seniorque
530 1148 618 1202 puter,
630 1150 793 1202 gemantque
803 1133 912 1205 Gorge.
1007 1135 1008 1140 ’

235 1212 267 1261 Et
275 1213 351 1277 patria
364 1244 371 1269 ‚
384 1211 409 1261 &
418 1211 506 1277 patrie
517 1210 592 1259 stater
600 1210 697 1259 ademte
706 1221 766 1259 tuae.

196 1282 229 1337 Et
238 1297 264 1334 tu
274 1319 281 1344 ,
296 1286 337 1335 iux
347 1284 424 1333 oculis
431 1284 549 1333 hodierna
558 1282 688 1333 novissima
697 1281 781 1331 nostris
792 1314 801 1341 ‚

233 1358 347 1425 Virque,
358 1358 400 1409 sed
410 1356 426 1407 ὃ
435 1356 532 1425 possis!
545 1356 573 1407 &
581 1370 642 1423 puer
651 1355 819 1424 Hysiemle.

229 1461 881 1536 «πάρει-,επεν

326 1584 672 1651 EPISTOLA
733 1584 774 1647 Χ

255 1713 552 1776 Anum:
594 1713 850 1791 suerso.

195 1804 371 1923 Misius
382 1864 477 1929 inveni,
489 1870 559 1936 quim
568 1879 610 1926 te,
623 1882 700 1936 genus
707 1882 779 1918 omns
787 1868 912 1922 sermm
1006 1869 1007 1936 ξ

234 1942 333 1994 Credita
342 1959 392 1994 nen
400 1944 460 2003 ulii,
471 1946 542 2008 quim
551 1942 594 1994 tibi
605 1975 613 1999 ,
625 1938 696 2007 pejus
706 1956 782 1993 eram.

196 2015 260 2081 Quae
269 2017 330 2085 legis
340 2051 348 2078 ,
360 2034 391 2067 ex
400 2018 443 2067 illo
455 2049 463 2075 ,
474 2016 589 2073 Theseu,
600 2014 646 2064 tibi
654 2014 728 2065 litore
736 2011 828 2075 mittoj
924 2044 927 2051 ·

233 2090 306 2141 Unde
315 2104 380 2141 tuam
390 2091 441 2141 sine
454 2102 493 2139 me
502 2090 557 2137 vela
567 2089 646 2137 tulere
656 2101 735 2137 ratem
746 2103 755 2139 s

170 2170 183 2223 5
196 2162 224 2213 ln
234 2179 283 2229 quo
293 2180 333 2213 me
343 2163 486 2229 somnusque
495 2177 564 2211 meus
573 2162 636 2211 male
644 2161 768 2227 prodiditt
781 2162 864 2223 &tm

233 2234 281 2286 Per
289 2236 382 2286 facinus
392 2237 478 2286 somnis
488 2234 599 2285 insidiate
608 2234 679 2284 meis.
1005 2242 1008 2314 q

195 2307 304 2375 Tempus
315 2322 383 2368 erat,
393 2308 471 2359 vitrei
481 2324 530 2375 quo
539 2304 640 2372 primum
649 2318 714 2357 terra
724 2304 809 2374 pruini

233 2382 357 2449 Spargitur
368 2416 376 2441 ,
390 2382 415 2433 &
425 2382 494 2432 reue
503 2380 592 2431 sronde
601 2392 734 2445 queruntur
745 2394 814 2433 avet.
1006 2389 1007 2454 q

196 2455 317 2506 incertum
327 2456 442 2523 vigilans,
453 2472 467 2504 a
478 2454 562 2504 somno
570 2454 682 2521 languida
692 2488 700 2512 ‚
710 2455 778 2505 movi

150 2540 183 2577 10
233 2528 328 2579 Thesea
338 2528 464 2595 prensuras
475 2527 614 2595 semisupina
623 2544 716 2577 manus.

195 2602 283 2654 Nullus
298 2612 350 2653 erat
360 2618 368 2653 r
378 2602 510 2669 referoque
525 2617 627 2657 manus,
638 2600 775 2667 iterumque
784 2612 885 2655 retento
900 2613 913 2665 3

233 2674 326 2741 Perque
337 2686 418 2725 torum
428 2692 518 2725 moveo
526 2674 731 2724 brachiarnulius
744 2688 808 2726 erat.
873 2705 879 2711 -
908 2669 911 2674 ’

195 2748 324 2799 Excussere
341 2762 420 2800 metus
430 2749 538 2799 somnum
548 2762 556 2797 r
568 2748 700 2797 conterrita
709 2747 780 2816 surgo
790 2764 799 2801 t
906 2771 908 2774 ·
1004 2751 1007 2856 q

232 2820 391 2888 Membraque
403 2822 456 2871 sunt
465 2821 539 2871 viduo
549 2821 698 2887 praecipitnta
707 2832 774 2871 toro.

149 2906 179 2956 15
196 2891 308 2945 Protinus
317 2895 422 2945 addustis
433 2895 564 2945 sonuerunt
573 2894 671 2959 persora
679 2894 763 2958 palmis
773 2910 781 2944 t

232 2968 315 3036 thue
325 2980 378 3021 erat
386 2968 492 3021 ssomno
501 2966 614 3028 turbida,
626 2978 694 3036 rapta
702 2965 838 3026 roms-eti..
