2034 3709
246 263 319 315 122
371 239 574 308 Orrnrr
602 237 859 310 Ausonum

272 369 929 444 e======„“⁰h-—--—-o·

404 511 660 578 ELEGIA
700 513 842 590 ΙΙΙ.Ι

241 613 361 740 vau
373 692 462 743 precor
472 691 480 725 t
492 691 546 742 quae
557 689 595 724 me
603 667 683 739 'nuper
692 673 800 740 praedata
810 675 894 740 puella
904 674 943 724 est
957 707 968 735 ,

260 793 263 800 .
279 752 332 803 Aut
347 763 432 809 amet,
449 762 493 799 sut
505 747 598 805 saciat,
616 763 660 797 cur
675 763 724 816 ego
739 747 836 814 semper
851 766 944 800 amens.

242 822 284 874 Ah
299 823 397 873 nimium
411 822 479 874 volui
495 819 502 870 !
518 818 612 872 tannim
625 820 732 887 patiatur
745 821 832 872 amari.

281 895 395 946 Audierit
407 896 450 948 has
465 893 556 944 nostras
570 905 609 944 tot
625 893 750 961 Cytherea
767 911 867 962 preces.

220 969 355 1037 5Accipe,
377 969 527 1036 permultos
544 959 588 1017 tibi
605 967 645 1033 qui
661 966 780 1017 deserviat
794 986 898 1022 annos:

280 1041 393 1109 Accipe,
412 1042 453 1109 qui
466 1039 526 1108 puri
541 1040 607 1090 norit
621 1055 701 1090 amare
716 1038 775 1093 fide.

244 1115 270 1166 si
280 1132 319 1185 me
330 1132 381 1166 non
389 1127 502 1166 veterum
520 1113 689 1166 commendant
697 1130 783 1181 magna
794 1127 937 1181 parentum

281 1189 407 1247 Nomina,
425 1190 446 1239 si
459 1187 533 1237 nostri
547 1186 665 1254 sanguinis
682 1187 765 1237 auttor
782 1203 881 1254 eques;

245 1263 301 1314 Nec
316 1278 385 1312 meus
403 1261 534 1312 innumeris
548 1271 681 1311 renovatur
698 1276 796 1325 campus
810 1263 919 1324 aratris,

192 1332 238 1388 'ro
282 1335 418 1401 Temperat
433 1335 460 1385 dt
475 1334 565 1384 sumtus
582 1349 670 1401 parcus
686 1345 790 1401 uterque
800 1351 916 1400 parens;

245 1411 281 1458 At
291 1406 397 1458 Phoebus
408 1440 418 1465 ,
432 1408 582 1474 comitesque
593 1422 700 1464 novem,
715 1407 821 1474 vitisque
833 1423 947 1474 repertor
958 1443 969 1470 ,

283 1479 341 1530 Hoc
357 1481 466 1540 saciant3
485 1480 530 1538 δι,
547 1495 586 1529 rue
602 1479 643 1547 qui
656 1479 701 1530 tibi
715 1480 810 1539 donat,
829 1481 929 1542 Amor,

246 1554 280 1606 Et
294 1553 354 1604 nulli
370 1553 461 1604 cessura
473 1551 553 1610 fides,
568 1553 620 1603 sine
637 1551 736 1603 crimine
750 1570 854 1613 mores,

284 1627 404 1693 Nudaque
420 1627 578 1693 simplicitas,
595 1643 779 1693 purpureusque
793 1627 886 1694 pudor.

206 1717 238 1765 ¹5
249 1701 307 1750 Non
317 1700 375 1749 milri
385 1701 452 1749 mille
462 1700 560 1766 placent
572 1714 578 1750 :
591 1715 640 1749 non
650 1699 700 1750 sum
711 1700 819 1752 desultor
829 1702 943 1756 Amoris.

285 1772 326 1822 Tu
339 1773 418 1832 mihi,
439 1773 459 1823 si
475 1789 521 1839 qua
536 1771 615 1830 fides,
633 1787 690 1822 cura
706 1773 820 1839 perennis
837 1777 898 1828 eris.

249 1846 344 1897 Tecum
357 1879 366 1904 ,
382 1861 443 1911 quos
454 1844 566 1896 dederint
577 1861 652 1896 annos
663 1847 720 1895 rnihi
730 1845 770 1896 sila
780 1847 901 1899 Sororum
914 1883 922 1908 ,

287 1919 381 1974 Vivere
399 1918 525 1985 contingat
534 1935 544 1975 ;
562 1930 638 1984 teque
655 1919 755 1969 dolente
771 1921 845 1972 mori.

252 1991 292 2042 Te
306 1993 363 2042 milri
378 1989 502 2043 materiem
517 1990 615 2042 felicem
628 1992 652 2040 in
668 1993 773 2044 carmina
787 1996 870 2061 praebe
883 2013 896 2053 3·

210 2080 245 2117 20
289 2064 437 2116 Provenient
453 2063 525 2115 causi
542 2065 646 2114 carmina
664 2065 735 2134 digna
751 2066 802 2118 sui.

254 2137 368 2189 Carmine
383 2155 472 2189 nornen
487 2138 597 2196 habent,
615 2141 732 2188 exterrita
746 2143 863 2192 cornibus
880 2141 932 2202 lo,

215 2234 219 2242 ·
290 2212 323 2261 Et
339 2228 410 2278 quam
425 2210 539 2261 fluminei
552 2211 610 2262 lusit
624 2210 719 2261 adulter
733 2229 799 2264 ave:

255 2282 384 2350 Quaque,
402 2285 472 2350 super
487 2295 588 2350 pontum
604 2283 717 2335 simulato
733 2285 802 2338 vesta
819 2286 953 2356 juvenco,

290 2356 407 2424 Virginei
421 2358 500 2407 tenuit
515 2373 606 2408 cornua
619 2373 677 2408 vara
692 2375 773 2410 manu.

215 2442 247 2492 25
258 2428 312 2480 Nos
323 2445 419 2495 quoque
429 2446 475 2498 per
484 2441 562 2480 toturn
572 2429 662 2496 pariter
673 2433 820 2484 cantabimur
829 2435 915 2484 orbern
927 2468 938 2496 ,

294 2500 432 2571 Junttaque·
441 2503 536 2572 semper
551 2518 623 2557 erunt
638 2505 735 2558 nomina
750 2507 831 2562 nostra
845 2509 906 2562 tuis.

531 2663 638 2776 stc

542 2759 626 2858 stit
