2034 3709
113 274 192 337 ξω·
206 255 536 325 ΑκτεΑΜΑΝυι
561 256 602 326 L.
619 258 687 326 ΙΙΙ.
716 279 791 351 257

68 374 120 425 lue
136 388 212 426 vetus
226 377 296 425 miles
313 375 398 425 sensim
416 375 442 427 8(
457 375 578 441 sapienter
591 375 701 437 amabit,
802 375 852 440 565

109 448 244 515 Multaque
260 449 335 499 tironi
350 465 401 498 non
416 448 529 514 patienda
545 449 618 499 seret.

72 520 130 571 Nec
147 522 247 588 franget
262 521 361 587 postes,
378 538 424 571 nec
439 522 506 572 saeris
522 521 616 589 ignibus
632 533 726 573 ruet:-

111 594 171 643 Nec
188 596 293 646 domine
307 607 404 645 teneras
420 606 521 661 appetet
535 610 616 663 ungue
632 612 717 663 genas.

73 666 131 717 Nec
149 667 246 718 scindet
260 668 385 719 tunicasve
399 668 473 727 suas,
487 668 612 719 tunicasve
627 670 734 734 puelh:

111 741 171 791 Nec
185 754 269 807 raptus
284 741 358 791 flendi
372 741 443 791 causa
457 742 557 806 capillus
573 742 628 793 erit.
802 754 854 806 570

74 811 121 864 lua
138 814 231 865 decent
246 830 356 880 pueros,
371 826 445 865 :tate
460 814 487 866 δι
500 831 583 865 amore
599 816 729 868 calentest

112 885 165 936 Hic
181 887 233 937 sera
251 886 387 953 compositi
401 888 502 938 vulnera
517 900 599 939 mente
616 888 690 939 seret.

75 958 180 1027 Ignibus
194 960 234 1010 hic
252 960 324 1012 lentis
340 972 443 1019 uretur.
460 975 487 1011 ut
504 961 602 1011 humida
616 962 699 1020 tedaa

112 1032 151 1081 Ut
168 1031 243 1088 modb
257 1034 376 1083 montanis
391 1033 451 1083 silva
465 1032 541 1085 recisa
557 1033 629 1101 jugis.

76 1102 182 1155 Certior
198 1106 238 1156 bic
254 1123 322 1157 amor
335 1106 370 1156 est
386 1121 393 1156 τ
409 1106 489 1160 breuis
507 1108 534 1158 δι
550 1107 677 1159 secundior
690 1106 743 1157 ille.
802 1119 853 1170 575

113 1177 180 1242 Quae
195 1178 310 1246 fugiunt,
328 1179 403 1231 celeri
417 1180 509 1244 carpite
525 1196 597 1246 poma
612 1197 693 1231 manu.

76 1249 170 1304 omnia
184 1253 310 1303 tradantur
325 1269 333 1303 t
348 1266 432 1319 portas
448 1253 607 1304 reseravimus
620 1252 704 1310 hostia

94 1371 98 1376 .
113 1324 149 1375 Et
162 1325 195 1376 sit
209 1326 235 1375 in
249 1324 322 1376 infida
338 1326 477 1391 proditione
490 1325 561 1377 fides.

75 1396 156 1461 Quod
166 1399 237 1449 datur
246 1416 278 1449 ex
287 1399 352 1449 sacili
361 1430 372 1458 ,
387 1400 486 1466 longum
495 1402 557 1451 male
568 1399 644 1451 nutrit
652 1414 759 1451 amorem
769 1410 778 1451 t

113 1471 242 1522 Miscenda
258 1472 292 1521 esi
308 1473 371 1524 laetis
385 1490 437 1523 rara
453 1473 548 1538 repulsa
562 1472 635 1538 jocis.
799 1469 853 1538 580

77 1544 145 1595 Ante
161 1545 228 1595 sores
242 1544 322 1611 jaceat
340 1561 348 1595 r
364 1544 476 1598 Crudelis
490 1545 583 1611 janua,
600 1548 706 1599 clamet:

114 1616 245 1684 Multaque
260 1618 392 1683 submissi,
408 1620 483 1669 multa
498 1619 618 1669 minanter
634 1631 698 1686 agat.

77 1689 170 1741 Dulcia
184 1708 234 1741 non
250 1691 350 1743 serimus
364 1708 373 1743 t
389 1691 461 1743 succo
475 1708 622 1743 renovemur
636 1706 739 1743 amaros

112 1764 185 1831 Soepe
201 1765 265 1830 perit
278 1764 359 1818 uentis
376 1766 463 1817 obruta
478 1767 564 1833 cymba
581 1764 635 1817 suis.
698 1788 707 1807 ·

78 1836 136 1887 Hoc
153 1837 204 1896 esi,
222 1854 313 1889 uxores
329 1839 395 1906 quod
409 1857 459 1891 non
472 1841 578 1905 patiatur
594 1838 687 1891 amatia
802 1835 853 1903 585

114 1911 274 1961 Conveniunt
289 1913 361 1971 illas,
378 1910 433 1963 clam
447 1914 568 1971 voluere,
583 1912 638 1963 viri.

79 1983 153 2036 Obde
170 1985 268 2044 sorem
286 1986 312 2036 ἅ
327 1987 388 2036 dtrro
404 1986 468 2037 dicat
481 1986 526 2035 tibi
541 1984 631 2051 janitor
648 1998 711 2043 ore,

115 2058 175 2108 Non
191 2071 263 2124 potes
278 2073 285 2108 t
303 2059 426 2109 exclusum
442 2071 469 2109 te
485 2074 584 2125 quoque
599 2067 683 2123 tanget
697 2070 774 2105 amor.

78 2130 167 2182 Ponite
182 2129 230 2195 jam
247 2131 340 2197 gladios
354 2132 457 2183 hebetes
472 2148 479 2182 t
495 2145 617 2199 pugnetur
633 2127 720 2179 acutis.

115 2204 170 2252 Nec
186 2204 290 2263 dubito,
308 2205 365 2254 telis
378 2205 436 2272 quin
451 2217 522 2272 petar
537 2204 586 2270 ipse
603 2204 672 2253 meis.
801 2214 854 2265 590

78 2274 147 2327 Dum
157 2277 222 2326 cadit
231 2278 255 2326 in
266 2278 366 2342 laqueos
376 2290 460 2343 captus
469 2294 566 2344 quoque
578 2294 655 2342 nuper
664 2285 756 2325 amator
767 2304 776 2333 2

115 2350 200 2399 Solum
217 2349 242 2399 se
257 2350 375 2400 thalamos
390 2350 470 2416 speret
486 2352 577 2401 babere
592 2362 657 2401 tuos.

82 2422 211 2475 Postmodo
226 2422 348 2483 rivalem,
367 2424 502 2490 partitaque
520 2422 612 2473 soedera
628 2418 685 2472 lesbi

116 2496 233 2547 Sentiat:
249 2496 292 2547 bas
307 2508 372 2547 artes
387 2497 468 2555 tolle,
489 2496 597 2547 senescet
614 2512 690 2547 amor.

81 2563 145 2619 'snm
159 2571 222 2619 bene
240 2570 310 2620 sortis
327 2586 422 2637 equus,
439 2571 546 2621 reserato
563 2586 678 2629 carcere,
697 2566 790 2625 currit3
805 2578 853 2632 595

118 2642 198 2700 Crim,
215 2658 277 2709 quos
291 2654 442 2708 praetereat,
457 2660 566 2709 quosque
582 2642 712 2708 sequatur,
728 2642 811 2691 habet.

37 2725 39 2728 '
80 2714 220 2779 Quamlibet
236 2714 362 2767 eustiudios
379 2714 463 2781 injuria
480 2717 575 2767 suscitat
591 2718 670 2784 ignes.

117 2789 154 2838 En
171 2805 237 2856 ego,
257 2787 396 2849 confiteor,
412 2806 462 2840 non
480 2787 525 2841 nisi
542 2790 610 2839 laesus
625 2805 689 2839 amo.

82 2861 157 2913 Causa
171 2874 255 2911 tamen
269 2860 366 2913 nimitim
381 2864 477 2913 nonsit
494 2862 615 2913 manifesta
632 2858 744 2911 doloris:

116 2933 237 3007 Pluraque
253 2934 379 2997 solicitus,
394 2939 465 3007 quim
480 2936 560 3003 sciat„
577 2934 624 2985 esse
641 2946 723 3011 putet.
800 2932 853 2986 600
