2034 3709
141 263 420 333 Hrnornas.
445 261 518 332 ΕΡ.
542 264 651 334 XXI.
705 288 776 366 113

68 384 94 435 Si
106 383 153 433 tibi
167 382 309 450 conjugium
323 382 392 432 volui
407 383 549 449 promittere
565 383 686 446 nostrum,

101 457 181 525 Exige
195 455 300 522 polliciti
314 455 395 506 debita
406 454 461 522 jura
473 459 541 508 toti:
791 473 842 524 140

69 530 135 590 Sed,
153 530 175 580 si
188 530 224 598 nil
238 528 346 579 dedimus
362 540 450 596 preter
463 529 516 581 sine
532 531 632 597 peslore
645 547 753 595 vocem,
815 587 820 596 ,

99 601 188 657 Verba
203 602 250 654 suis
266 600 351 652 sruilra
365 602 456 654 viribus
472 606 532 654 orba
546 618 627 657 tenet.

67 678 123 727 Non
138 693 188 744 ego
201 675 281 742 juravi
297 691 305 726 a
319 676 369 743 legi
382 675 487 743 jurantia
499 679 597 730 verba:

101 749 149 815 Vir
166 749 228 800 mihi
244 765 294 800 non
309 747 353 800 isto
368 766 437 800 more
453 749 572 818 legendus
588 757 653 804 etan

69 822 164 890 Decipe
180 824 217 874 sic
232 823 291 873 alias
306 837 314 872 ε
330 822 444 874 succedat
459 823 559 889 epistola
573 841 669 891 pontot
793 839 825 890 14
829 841 840 891 5

102 896 128 946 Si
143 898 212 947 valet
226 895 296 954 boc,
314 912 410 964 magnas
428 897 594 950 divitis-auser
608 916 679 966 opes.

69 970 136 1028 Fac,
156 967 240 1035 jurent
257 968 339 1036 Reges
353 969 393 1020 sua
409 969 434 1021 se
449 970 495 1020 tibi
512 988 587 1038 regna
603 972 722 1033 daturosa

103 1043 189 1109 Sitque
205 1055 292 1101 nrum,
309 1053 364 1092 toto
379 1042 492 1111 quicquid
509 1045 535 1094 in
552 1046 612 1097 orbe
628 1047 719 1111 placet.

69 1114 151 1181 Major
167 1132 195 1166 es
208 1116 254 1166 bac
268 1115 321 1180 ipsi
335 1118 431 1175 multo,
448 1117 507 1167 nrihi
523 1119 617 1177 crede,
634 1117 734 1177 Diani,

103 1189 130 1238 Si
143 1201 187 1239 tua
201 1202 251 1240 tam
267 1189 371 1255 presens
387 1189 457 1240 litera
469 1205 558 1241 nurnen
572 1191 656 1242 habet.
792 1205 843 1254 150

71 1259 133 1311 Cinn
148 1274 231 1312 tamen
246 1263 300 1313 haec
317 1263 383 1321 dixi,
401 1260 455 1313 crim
469 1279 509 1314 rne
524 1262 568 1314 tibi
581 1262 648 1314 firma
665 1262 770 1332 negavi,

105 1335 167 1385 Ciam
181 1337 246 1387 bene
260 1335 372 1401 promissi
388 1336 457 1386 causa
471 1335 567 1402 perella
580 1339 629 1388 mei
643 1336 698 1396 elit

72 1406 219 1471 Confiteor,
240 1409 315 1460 timeo
332 1409 401 1460 sm
414 1409 534 1462 Latoidos
548 1411 625 1472 iram,

104 1483 136 1532 Et
153 1499 242 1548 corpus
257 1483 312 1533 laedi
329 1482 433 1548 suspicor
447 1482 503 1534 inde
520 1501 609 1535 meum.

42 1565 45 1572 '
70 1556 130 1605 Natn
145 1560 240 1623 qnare,
259 1556 356 1623 quoties
372 1556 468 1606 socialia
484 1555 549 1608 sacra
563 1569 695 1622 parantur,
792 1571 839 1622 155

102 1630 221 1695 Nupturae
238 1630 314 1680 toties
327 1629 440 1697 languida
452 1631 558 1680 membra
574 1631 687 1682 cadunt?

70 1701 119 1752 Ter
135 1703 195 1752 mihi
212 1700 261 1770 jam
275 1702 377 1753 veniens
393 1703 484 1769 positas
498 1703 647 1770 Hymenaeus
663 1705 694 1756 erl
709 1718 762 1755 atat

103 1775 196 1843 Fugit;
217 1776 244 1828 &
260 1792 275 1826 e
291 1776 388 1826 thalami
403 1776 485 1826 liniue
501 1789 570 1844 terga
584 1777 662 1828 dedit.

69 1847 164 1915 Vixque
180 1865 253 1899 manu
266 1849 334 1917 pigri
346 1850 422 1900 toties
437 1848 513 1900 infusa
530 1849 656 1918 resurgunt

103 1922 206 1972 Lumina
219 1939 227 1974 a
240 1923 365 1978 viarnoto
379 1922 480 1988 corripit
493 1922 549 1989 igne
563 1924 643 1975 laces.
792 1918 842 1972 ¹60

69 1994 138 2060 sape
155 1997 279 2046 coronatis
296 1995 383 2046 stillant
396 2007 520 2063 unguenta
537 1996 650 2061 capillis,

104 2069 137 2119 Et
152 2070 257 2120 trahitur
273 2072 351 2120 inulto
363 2069 487 2136 splendida
503 2070 568 2135 palla
585 2084 671 2120 croto.

72 2139 129 2191 culm
143 2143 227 2210 tetigit
242 2144 333 2201 limen,
349 2143 467 2209 lacrymas
482 2142 615 2209 mortisque
630 2142 742 2193 timorem

105 2215 211 2274 Cernit,
231 2216 258 2266 ὃ(
273 2232 287 2265 a
304 2216 373 2265 cultu
387 2216 462 2264 multa
477 2227 572 2266 remota
588 2215 641 2266 suo.

72 2286 170 2355 Projicit
181 2289 232 2355 ipse
248 2289 299 2338 suas
315 2287 417 2338 deduslit
432 2288 515 2338 fronte
531 2305 654 2348 coronat,
790 2284 822 2338 16
827 2302 839 2350 5

104 2360 227 2428 Spissaque
242 2361 273 2410 de
287 2362 368 2412 nitidis
383 2361 457 2429 tergit
473 2378 567 2412 amoma
582 2363 669 2415 cornis·

72 2433 101 2484 Et
116 2435 194 2501 pudet
208 2435 234 2484 in
247 2433 307 2486 trisii
320 2436 403 2486 laetum
415 2433 562 2503 consurgere
577 2435 669 2486 turbat
720 2487 729 2493 ,

95 2507 203 2573 ‘Quique
218 2507 311 2558 eratin
326 2510 409 2573 palla,
426 2508 513 2561 transit
527 2509 552 2558 in
567 2525 611 2558 ora
627 2509 712 2559 rubor.

72 2580 104 2631 At
116 2581 193 2640 mihi,
213 2599 252 2633 vae
269 2579 276 2630 l
296 2581 387 2633 misere
402 2594 528 2638 torrentur
543 2583 648 2634 febribus
664 2595 751 2641 artnst

104 2654 136 2704 Et
151 2653 325 2721 gravinejusto
341 2654 413 2722 pallia
428 2655 523 2721 pondus
537 2657 636 2706 babent.
790 2666 840 2716 170

72 2726 201 2796 Nostraque
215 2730 341 2794 plorantes
355 2729 430 2779 video
446 2728 516 2793 super
532 2745 575 2780 ora
588 2739 723 2796 parentes:

104 2800 152 2859 Et,
170 2799 225 2851 face
242 2817 288 2866 pro
304 2802 420 2860 thalami,
438 2802 479 2852 sax
494 2802 551 2852 mihi
565 2804 652 2852 mortis
669 2798 743 2852 adesi.

19 2870 21 2949 l
73 2871 140 2924 Parce
154 2874 295 2932 laboranti,
311 2874 373 2939 piet
387 2875 444 2926 Dea
458 2877 514 2926 laeta
529 2875 663 2940 pharetrbt

104 2946 189 3016 Daque
205 2947 353 3000 salutiferam
367 2946 416 3018 jan
434 2948 492 3000 milri
506 2949 586 3022 statiis
603 2961 688 3016 opem..
736 2999 742 3008 ,
