2034 3709
315 221 635 289 LIBER
686 221 746 289 I.
801 221 1188 290 ELEGIA
1238 224 1408 291 XV.
1470 243 1610 318 143

194 340 375 392 Gallus
413 341 465 391 &
497 339 744 406 Hesperiis
768 373 786 395 ,
826 340 878 390 &
914 339 1088 390 Gallus
1119 353 1262 390 notus
1296 340 1415 394 Eo'is
1438 376 1454 401 ‚

271 414 336 464 Et
374 412 454 464 sua
487 431 596 463 cum
636 413 782 464 Gallo
816 424 933 462 nota
964 412 1169 480 Lyedris
1207 415 1318 464 erit.
1642 431 1710 482 30

194 487 334 555 Ergo
353 519 371 545 ,
407 483 517 536 cum
549 487 711 536 silices
732 519 748 546 ,
789 484 898 536 cum
934 486 1055 537 dens
1084 487 1310 553 patientis
1346 489 1530 549 aratri,

275 561 568 625 Depereant
596 577 705 610 aevo
731 592 747 619 ,
783 559 994 609 carmina
1021 571 1179 609 morte
1215 573 1403 612 carent.

196 633 399 685 Cedant
432 633 715 684 carminibus
746 632 908 702 Reges
931 666 946 692 ‚
986 632 1274 701 Regumque
1308 634 1535 702 triumphi
1555 650 1573 687 ε

275 705 440 756 Cedat
473 707 524 756 &
554 706 751 757 auriferi
781 705 886 773 ripa
915 707 1056 756 beata
1088 705 1233 775 Tagi.

196 779 338 834 Vilia
369 780 570 829 miretur
585 781 771 848 ¹vulgus
807 795 822 830 ε
858 779 971 828 mihi
998 779 1150 829 flavus
1182 780 1367 847 Apollo
1646 793 1711 847 35

279 851 466 902 Pocula
499 852 700 903 Castalia
734 853 877 920 plena
911 852 1138 907 ministret
1158 853 1318 919 aquii-
1466 875 1469 878 ⁴

204 905 567 993 Sustifieamque
599 925 737 976 coma
768 937 1067 976 metuentem
1100 926 1281 994 frigora
1314 937 1560 995 myrtum:

284 1000 451 1064 Atque
483 1017 510 1047 a
543 1000 728 1049 solicito
761 1001 938 1049 multus
969 1010 1161 1048 amante
1189 1002 1343 1067 legar.

205 1070 427 1122 Pascitur
460 1072 508 1122 in
539 1074 660 1122 vivis
690 1073 837 1122 Livor
873 1089 888 1122 τ
920 1073 1025 1138 post
1060 1073 1158 1122 fata
1188 1073 1390 1140 quiescit
1413 1106 1429 1130 ‚

290 1143 414 1194 cum
448 1143 554 1196 suus
589 1163 651 1196 ex
680 1147 856 1196 merito
890 1162 1128 1212 quemque
1165 1158 1331 1196 tuetur
1358 1147 1537 1196 honos.
1649 1160 1721 1207 40

208 1218 350 1286 Ergo
384 1219 527 1268 etiam
550 1252 566 1279 ,
606 1217 713 1270 cum
743 1235 820 1268 me
855 1218 1100 1285 supremus
1130 1219 1347 1269 adederit
1378 1219 1498 1287 ignis
1522 1253 1539 1277 ‚

287 1292 468 1348 Vivam
499 1309 515 1344 τ
543 1309 750 1362 parsque
783 1293 880 1343 mei
910 1294 1059 1344 multa
1092 1291 1323 1366 super-stes
1357 1293 1468 1344 erit.
