2034 3709
195 290 214 309 ..
234 242 516 313 Hunorum,
542 246 617 330 Ep.
643 244 672 314 I.
772 264 793 339 3

16 404 19 412 .
83 355 109 409 Si
124 375 233 424 maneo,
248 364 344 428 qualis,
358 362 435 430 Troja
450 364 568 423 durante,
582 364 705 415 manebam
717 380 727 425 3

120 434 226 502 Virque·
234 436 295 485 mihi
308 437 391 486 demto
401 437 449 485 fine
462 437 577 487 carendus
590 436 670 487 abes?
809 443 844 496 50

84 506 175 567 Diruta
191 508 245 557 sunt
259 510 311 561 aliis
325 542 332 567 ,
348 510 388 559 uni
402 511 462 560 mihi
476 509 591 577 Pergama
604 508 706 569 restant,

121 562 209 629 incola
223 584 321 648 captivo
336 600 388 647 quae
400 584 464 633 hove
478 584 555 633 vissor
569 596 628 633 arat.

83 650 97 703 J
102 668 138 700 am
151 653 220 723 seges
236 656 269 703 est
283 656 323 706 ubi
337 654 415 721 'stoja
429 656 491 715 suit,
505 656 682 723 resecandaque
693 654 757 706 fasce

123 725 242 780 Luxuriat
255 727 362 795 Phrygio
376 729 489 797 sanguine
504 730 597 797 pinguis
613 730 708 779 humus.

84 797 246 866 Semisepulta
260 802 339 851 virdm
354 802 432 852 curvis
452 802 570 852 feriuntur
585 804 669 853 aratris
809 816 842 869 55

123 871 183 921 Ossa
199 890 207 924 :
224 874 332 924 ruinosas
347 876 439 925 occulit
453 877 529 926 ierba
546 876 639 927 domos.

83 945 175 1000 Vistor
185 948 245 997 abes
257 965 266 1005 3
282 965 327 998 nec
340 948 399 998 scite
410 949 461 999 mih
469 950 487 1007 2',
500 966 552 1016 quae
564 948 632 999 causa
644 946 765 1007 morandi,

121 1019 175 1069 Aut
189 1021 216 1069 in
231 1038 279 1087 quo
293 1023 369 1072 sateas
383 1022 475 1073 ferreus
489 1024 565 1081 orbe,
582 1023 649 1073 licet.

86 1091 202 1159 Quisquis
218 1095 248 1143 ad
262 1095 315 1144 haec
328 1096 403 1145 vertit
416 1097 566 1163 peregrinam
580 1096 651 1145 litora
663 1093 775 1161 puppim,

122 1167 170 1216 lile
185 1168 245 1216 mihi
262 1168 292 1217 de
306 1181 332 1218 te
346 1171 419 1219 multa
433 1182 531 1236 rogatus
548 1169 604 1218 abit.
808 1156 845 1211 60

86 1238 218 1306 Quamque
228 1241 274 1290 tibi
285 1242 384 1301 reddat,
396 1243 452 1292 site
464 1240 535 1292 modd
547 1241 635 1293 viderit
647 1240 759 1309 usquam,

122 1314 241 1364 Traditur
255 1315 311 1364 stuic
326 1315 407 1383 digitis
422 1318 504 1365 charta
518 1327 601 1365 notata
619 1315 687 1365 meis.

84 1386 138 1437 Nos
152 1386 252 1453 Pylon,
269 1388 360 1455 antiqui
376 1388 465 1438 Neleia
482 1388 588 1438 Nestoris
604 1404 678 1445 arva,

122 1460 237 1511 Misimus
254 1478 262 1511 :
278 1462 371 1511 incerta
387 1461 421 1512 est
435 1464 496 1512 sama
511 1460 602 1513 remissa
618 1460 688 1529 Pylo.

85 1532 200 1585 Misimus
217 1535 244 1585 δι
257 1532 382 1601 Sparten:
396 1536 481 1601 Sparte
497 1552 593 1601 quoque
606 1534 685 1585 n'escia
695 1531 759 1591 veri,
774 1595 779 1605 Ι
808 1527 842 1595 65

124 1606 194 1669 Quas
209 1608 302 1659 habitas
316 1620 411 1668 terras,
425 1622 467 1658 aut
480 1610 521 1657 ubi
534 1611 613 1658 lentus
629 1604 705 1657 abes?

86 1679 177 1747 Utilius
192 1680 282 1731 starent
293 1682 368 1731 etiam
380 1699 444 1731 nrtnt
460 1682 546 1732 muenia
558 1680 651 1733 Phoebi.

124 1753 219 1803 Irascor
232 1755 298 1817 vqotis
311 1757 360 1805 heu
378 1755 384 1804 !
403 1756 463 1805 levis
478 1754 526 1820 ipsa
540 1755 608 1805 meis.

87 1828 182 1877 Scirem
196 1828 237 1877 ubi
253 1845 390 1895 pugnares,
408 1829 434 1879 &
447 1826 539 1879 tannim
555 1829 618 1877 bella
631 1827 741 1878 timerem
749 1842 759 1885 3

125 1900 157 1949 Et
174 1917 227 1949 mea
243 1918 298 1949 cum
313 1900 394 1951 multis
407 1900 487 1968 junsia
501 1903 599 1969 querela
614 1900 687 1949 soret.
736 1951 740 1957 ,
807 1919 843 1969 70

89 1971 267 2037 Quidtimeam
283 1974 370 2041 ignoro
385 1991 392 2025 τ
408 1976 483 2026 timeo
496 1987 578 2024 tamen
591 1973 669 2023 omnia
680 1972 794 2031 demens,
859 1984 861 1988 ·

16 2107 17 2112 ¹
124 2046 157 2095 Et
170 2058 240 2113 patet
252 2048 277 2097 in
290 2064 358 2098 curas
371 2065 427 2098 area
440 2049 489 2097 lata
503 2064 578 2097 meas.

89 2118 257 2186 Quaecumque
266 2136 349 2186 aequor
357 2122 598 2187 habet,quaecumque
610 2119 715 2185 pericula
724 2118 807 2169 telius»

123 2192 187 2243 Tam
201 2194 281 2260 longae
296 2194 376 2244 causas
389 2194 495 2260 suspicor
510 2193 556 2261 esse
572 2210 654 2243 morae.

88 2265 151 2328 Haec
160 2282 208 2334 ego
218 2266 275 2328 dum
283 2264 354 2316 stulte
363 2268 481 2327 meditor,
494 2284 547 2334 quae
557 2260 633 2317 vestra
643 2266 717 2317 libido
728 2265 776 2325 est,
806 2288 822 2338 7
827 2286 840 2337 5
850 2262 851 2269 ’
890 2284 894 2291 ·

123 2338 178 2389 Esse
192 2340 323 2407 peregrines
338 2353 422 2407 captus
436 2358 518 2390 amore
533 2352 613 2405 potes.

16 2451 18 2461 r
89 2413 202 2463 Forsitan
219 2414 246 2463 &
261 2430 362 2475 narres,
378 2414 490 2481 quamsit
502 2414 545 2465 tibi
556 2414 639 2465 rustica
651 2410 758 2481 conjux,

124 2486 189 2550 Quae
204 2484 300 2536 tantdm
311 2489 376 2538 ianas
391 2505 440 2536 non
454 2487 517 2538 sinat
528 2486 574 2536 esse
587 2488 668 2537 rudes.

86 2559 184 2622 Fussar3
203 2560 230 2610 ὅ(
244 2559 294 2609 hoc
307 2561 397 2610 crimen
411 2573 498 2611 tenues
513 2562 625 2610 vanescat
635 2560 660 2609 in
670 2574 757 2611 auras:

120 2636 211 2691 Neve,
226 2633 367 2699 revertendi
377 2634 546 2693 liber,abesse
559 2628 643 2685 velis
779 2634 780 2639 ’
807 2626 850 2711 35

87 2707 130 2757 Me
144 2720 215 2773 pater
230 2707 321 2757 Icarius
338 2706 412 2758 viduo
426 2707 547 2756 discedere
559 2708 621 2756 sesto

123 2780 215 2847 Cogit,
232 2780 259 2830 δι
273 2780 399 2831 immensas
414 2780 609 2849 increpatusque
623 2793 710 2829 moras.

86 2853 198 2919 Increpet
212 2852 291 2919 usque
304 2848 382 2903 iicet't
393 2868 436 2903 tua
449 2855 499 2904 sum
508 2860 522 2909 ,'
532 2866 572 2902 tua
584 2854 648 2903 dicar
657 2862 779 2923 pportet.⁴

119 2925 255 3003 Penelope?
265 2924 358 2995 conjux
372 2926 465 2996 semper
478 2928 573 2997 Ulyssis
589 2944 658 3049 ero.A

669 3014 686 3065 ¹1
