2034 3709
224 251 472 321 R‘rnteou
497 249 715 321 Anionis.
764 274 841 349 275

125 368 272 425 Callimachi
287 369 392 421 numeris
409 386 460 420 non
476 368 510 421 est
527 369 642 423 dicendus
658 372 786 425 Achilles:

164 445 278 514 Cydippe
286 460 345 494 ⁴non
359 442 393 493 esi
407 443 458 493 oris
466 476 475 503 ,
493 442 621 503 Homere,
639 446 683 495 tui.

127 518 193 585 Quis
203 519 268 569 serat
278 516 461 568 Andromaches
471 530 629 585 peragentem
639 519 734 569 Thaida
744 532 825 587 partes
837 518 849 571 l

165 592 276 648 Peccat,
293 591 319 641 in
333 589 506 641 Andromache
522 591 620 641 Thaida
633 592 654 641 si
670 594 722 659 quis
738 607 802 659 agat.

126 664 210 717 Thais
225 666 250 714 in
266 676 321 714 arte
336 662 389 713 meai
404 680 413 713 τ
433 662 529 715 lascivia
547 665 622 716 libera
637 666 715 717 nostra
732 666 776 718 eli.
851 666 901 733 385

166 739 210 789 Nil
225 738 284 788 mihi
301 754 355 787 eum
371 736 432 787 vitta
447 751 455 787 ι
472 736 551 788 Thais
567 738 591 788 in
607 751 659 789 arte
675 754 727 790 mea
742 738 786 791 ell.

127 811 156 863 Si
172 828 227 862 mea
243 812 352 863 materia
365 810 497 876 respondet
512 810 583 861 Musa
598 810 707 877 jocose,

167 886 298 944 vicimus,
317 885 343 936 dt
357 884 412 934 salsi
426 883 530 936 criminis
545 884 596 935 atta
609 902 651 937 rea
667 886 710 937 est.

129 958 271 1025 Rumpere,
283 958 358 1009 Livor
367 958 429 1007 edax
438 974 446 1009 t
456 956 505 1025 jain
515 974 626 1027 magnum
635 977 724 1031 nomen
734 960 848 1011 habemus
859 975 868 1011 t

169 1031 253 1097 Maius
266 1032 334 1091 erit,
347 1029 458 1092 tantum,
478 1048 528 1098 quo
544 1033 607 1099 pede
623 1034 716 1100 coepit,
733 1046 781 1084 eat.
854 1048 906 1099 390

130 1105 183 1156 Sed
192 1103 290 1156 nimidm
299 1120 433 1171 properae:
445 1104 526 1155 vivam
535 1103 628 1166 model,
644 1109 711 1174 plura
722 1109 815 1177 dolebis
827 1124 836 1166 ς

168 1178 201 1229 Et
218 1179 315 1245 capient
327 1179 401 1229 animi
417 1179 520 1229 carmina
536 1180 610 1231 multe
625 1180 683 1231 mei.
775 1214 778 1221 ι

129 1252 196 1303 Nam
206 1251 295 1319 juvat,
314 1253 340 1303 bt
350 1252 450 1303 studium
461 1253 531 1302 sama
540 1253 597 1303 mihi
608 1252 695 1305 crescit
703 1255 803 1306 honore
814 1246 837 1313 ς’

169 1324 291 1392 Principio
305 1325 361 1375 clivi
376 1325 456 1376 vester
471 1327 569 1377 anhelet
584 1343 670 1395 equus.

129 1398 239 1450 Tantum
254 1399 279 1449 se
294 1399 365 1449 nobis
380 1398 451 1467 Elegi
466 1400 558 1450 debere
573 1400 700 1460 fatentur,
784 1404 789 1411 '
855 1413 905 1467 395

170 1471 296 1538 Quantum
312 1471 420 1539 Virgilio
434 1473 517 1523 nobile
534 1472 608 1525 debet
626 1492 697 1541 opus.

130 1546 257 1597 Hatlenur
272 1545 373 1596 lnvidiae
387 1546 552 1612 respondimus
568 1549 685 1599 :attrahe
701 1548 754 1598 lora

169 1617 288 1678 Fortidr;
305 1621 332 1669 bt
347 1634 410 1687 gyro
427 1635 517 1679 curre,
536 1621 630 1685 po'e'ta,
648 1633 701 1672 tuo.

131 1692 202 1761 Ergo
219 1694 260 1743 ubi
276 1690 441 1752 concubitus,
458 1693 484 1743 dt
498 1693 561 1759 opu'r
576 1692 684 1760 juvenile
701 1703 819 1759 petetur,

170 1765 206 1816 Et
219 1764 430 1832 prope-promisse
444 1778 556 1833 tempora
573 1768 649 1820 notlie
666 1779 759 1824 erunt;
856 1782 911 1830 400
1015 1826 1016 1829 Ἴ

134 1839 233 1893 Gaudia
248 1856 281 1891 ne
298 1839 421 1898 dominre,
437 1842 513 1907 pleno
531 1840 551 1890 si
565 1842 664 1907 pedore
682 1842 778 1898 sumet,

171 1913 212 1963 Te
230 1913 346 1980 capiant3
363 1911 429 1963 ineas
446 1913 577 1979 quamlibet
590 1926 650 1964 ante
666 1913 749 1964 velim.

134 1986 279 2054 Quamlibet
294 1985 422 2045 invenias,
439 1984 465 2037 in
479 2001 527 2054 qua
542 1986 586 2037 tibi
599 1988 676 2052 prima
691 1987 803 2053 voluptas

173 2060 280 2111 Desinat
295 2075 303 2109 τ
317 2076 332 2109 a
347 2060 424 2126 prima
439 2058 548 2126 proxima
565 2059 641 2128 segnis
658 2058 714 2110 erit.
734 2073 737 2079 ·
798 2080 800 2083 ·

135 2133 274 2185 Sustentata
290 2133 378 2185 Venus
394 2133 527 2199 gratissima
543 2148 551 2182 t
567 2134 658 2203 frigore
675 2133 759 2191 soles,
859 2146 912 2195 405

174 2208 234 2258 Sole
250 2204 336 2273 juvant
351 2208 441 2257 umbre
456 2222 464 2256 t
480 2217 548 2273 grata
563 2205 591 2257 sit
606 2206 667 2257 unda
686 2206 735 2257 siti.

138 2281 173 2332 Et
184 2281 280 2347 pudet,
292 2279 319 2330 bt
329 2279 406 2330 dicam
418 2295 426 2330 t
438 2279 562 2333 Venerem
573 2296 670 2347 quoque
680 2278 754 2347 junge
764 2274 840 2347 figuti
852 2310 861 2337 ,

176 2353 234 2419 Qud
247 2351 345 2403 minime
362 2350 450 2421 jungi,
467 2352 563 2421 quique
581 2354 669 2404 decere
683 2351 771 2421 potest.

138 2429 196 2480 Nec
211 2428 283 2478 labor
300 2424 400 2477 efficere
417 2424 450 2477 est
465 2443 473 2477 r
488 2442 549 2476 rarae
563 2427 608 2477 sibl
625 2442 684 2477 vera
699 2426 826 2477 latentur:

177 2500 211 2551 Et
226 2501 285 2551 nihil
301 2499 355 2558 est,
373 2501 438 2565 quod
453 2499 480 2550 se
496 2500 633 2552 dedecuisse
650 2512 747 2567 putent.
864 2511 919 2560 410

139 2574 214 2626 Tunc
232 2573 304 2625 etiam
320 2570 396 2639 jubeo
410 2585 477 2624 totas
491 2574 587 2640 aperire
604 2572 738 2633 fenestras,

178 2647 320 2715 Turpiaque
338 2646 435 2697 admisso
450 2648 556 2697 membra
572 2659 657 2699 notare
673 2648 723 2697 die.

142 2719 199 2781 At,
218 2722 288 2771 simul
304 2720 335 2770 ad
350 2732 427 2772 metas
442 2721 511 2771 venit
525 2720 591 2772 finita
604 2721 737 2787 voluptas,

179 2794 295 2859 Lassaque
311 2791 366 2844 edm
380 2793 435 2845 tosa
450 2810 553 2860 corpora
569 2807 651 2845 mente
668 2794 771 2860 jacentt

144 2868 213 2921 Dum
227 2868 312 2934 piget,
332 2868 357 2916 δι
374 2870 464 2918 nullam
480 2869 547 2918 malis
564 2867 666 2935 terigisse
681 2867 807 2935 puellam,
867 2875 919 2927 4¹5

184 2941 353 3007 taeniasque
369 2940 414 2994 tibi
429 2958 480 2993 non
495 2942 594 2995 videare
608 2942 671 3001 diu3

748 3030 778 3082 M
791 3029 815 3101 vj
