2034 3709
144 300 149 306 .
235 264 286 335 14
341 244 384 312 P.
410 244 595 313 0711211
622 241 871 312 Nisam

205 379 220 428 5
232 365 278 415 His
287 380 374 413 arcena
382 363 447 413 notis
456 363 522 412 tetri
532 362 667 429 pelagoque
677 362 805 411 feruntur:

268 437 365 503 Inspicit
374 448 489 502 acceptas
497 436 570 485 bullis
580 436 611 484 ab
620 434 686 484 hoste
696 447 776 484 notas.

231 510 284 559 Ter
293 524 375 559 tecum
386 522 473 559 conata
483 510 549 575 ioqui
559 542 566 567 ,
577 520 615 558 ter
626 508 716 559 inutilis
727 508 796 557 hesit

268 584 377 649 Lingua:
390 597 428 631 rer
438 582 463 631 in
473 584 551 647 primo
563 582 650 631 destitit
658 598 703 631 ore
713 581 795 631 sonus.

231 654 289 719 Qui
297 657 357 705 licet
369 656 395 706 dt
405 655 527 722 sequitur,
541 656 619 721 pudor
629 654 663 704 en
673 654 805 703 miscendus
817 650 905 704 amori.

186 749 221 785 ιο
267 728 360 778 Dicere
371 746 425 794 quae
435 728 537 793 puduit,
552 728 655 777 scribere
665 727 736 793 jussit
744 727 830 777 Amor.

231 801 356 867 Quicquid
366 803 442 859 Amor
450 800 535 864 jussit,
547 818 596 850 non
609 801 642 850 est
653 814 809 851 contemnere
819 812 903 849 tutum
914 812 924 852 t

268 875 377 942 Regnat,
391 875 449 925 &in
460 875 571 925 dominos
582 873 620 939 jus
631 874 704 923 habet
714 874 755 923 ille
767 873 849 924 Deos.

230 949 277 998 lllc
287 949 346 997 mihi
355 945 434 1013 primi>
443 948 562 997 dubitanti
572 948 676 997 scribere
686 980 694 1005 ,
708 947 767 996 dixit
777 962 785 997 t

268 1021 351 1070 Scribe
364 1039 373 1080 3
385 1019 451 1069 dabit
459 1021 533 1070 virias
545 1021 637 1069 ferreus
648 1021 689 1069 ille
701 1036 793 1070 manus.

187 1105 218 1155 15
231 1093 320 1152 Adsit,
336 1095 376 1152 bt,
387 1106 415 1143 ut
426 1094 515 1143 nostras
526 1092 598 1143 avido
607 1094 677 1143 fovet
688 1094 742 1159 igne
752 1092 886 1153 medullas,

267 1168 337 1235 Figat
346 1169 382 1217 sic
392 1168 484 1217 animos
493 1168 518 1217 in
528 1183 581 1216 mea
594 1178 653 1216 vota
662 1178 728 1215 tuos.

231 1241 290 1290 Non
300 1257 348 1308 ego
359 1241 465 1305 nequitii
475 1241 571 1290 socialia
583 1240 675 1289 foedera
685 1256 792 1305 rumpam
802 1256 811 1299 ξ
901 1276 905 1283 .

267 1314 339 1363 Fama
348 1346 355 1371 ,
370 1316 443 1363 velim
452 1330 558 1379 quares,
571 1313 669 1363 crimine
680 1313 757 1362 nostra
767 1326 848 1363 vacat.

230 1386 308 1437 Venit
318 1386 394 1435 Amor
405 1388 516 1453 gravius,
528 1402 576 1453 quo
587 1386 661 1437 serius
673 1402 680 1435 ε
690 1387 779 1436 urimur
787 1388 865 1447 intus,

184 1479 219 1515 20
268 1460 366 1507 Urimur
375 1476 384 1517 ;
394 1460 419 1510 ἂ
429 1476 520 1510 caecum
530 1459 628 1525 periore
635 1461 722 1509 vulnus
731 1461 829 1510 habent.

231 1531 331 1581 Scilicet
341 1544 369 1581 ut
378 1544 477 1583 teneros
488 1533 578 1583 laedunt
587 1532 643 1599 juga
656 1533 729 1599 prima
742 1532 887 1596 juvencos,
942 1524 945 1529 ¹

267 1605 393 1671 frenaque
402 1606 444 1656 vix
455 1607 544 1670 patitur
555 1606 585 1655 de
596 1620 669 1673 grege
684 1618 767 1670 captus
781 1622 857 1671 equus
868 1623 876 1655 r

231 1678 272 1727 Sic
282 1679 343 1727 male
352 1678 440 1743 vixque
451 1680 512 1729 subit
520 1679 610 1744 primos
620 1678 679 1727 rude
691 1679 772 1743 peelus
782 1696 877 1728 amores
887 1696 898 1738 5

267 1751 413 1817 Sarcinaque
423 1753 476 1800 haec
488 1752 567 1800 animo
578 1766 627 1800 non
638 1750 705 1801 sedet
715 1758 770 1818 apt'a
780 1768 846 1800 meo.
906 1746 909 1753 '

181 1834 216 1883 25
231 1822 279 1874 Ars
291 1822 318 1872 lit
330 1857 338 1882 ,
350 1825 391 1873 ubi
404 1841 418 1872 a
428 1825 518 1874 teneris
530 1824 620 1873 crimen
631 1824 774 1874 condiscitur
785 1826 869 1876 annis:

268 1895 330 1959 θυι
339 1898 407 1947 venit
417 1896 501 1947 exano
509 1910 620 1963 tempore
631 1930 639 1953 ,
650 1896 719 1963 pejus
730 1909 803 1948 amat.

132 2012 136 2017 .
229 1968 270 2019 Tu
282 1987 346 2020 nova
357 1970 456 2020 servatae
467 1971 547 2035 capies
559 1970 669 2019 libamina
678 1970 763 2029 (ὅπως

267 2044 299 2093 Et
310 2043 399 2108 pariter
409 2043 513 2092 nostrum
523 2042 565 2093 fiet
576 2054 679 2109 uterque
691 2060 793 2095 nocens.

230 2115 270 2165 Est
279 2116 384 2182 aliquid,
397 2118 474 2182 plenis
486 2117 591 2182 pomaria
602 2132 701 2181 carpere
713 2118 782 2167 rumis
793 2150 800 2176 ,

181 2205 215 2258 30
268 2189 299 2238 Et
308 2190 376 2239 tenui
386 2190 484 2255 primam
494 2190 601 2257 deligere
609 2199 689 2256 ungue
699 2191 785 2241 rosam.

229 2261 254 2311 Si
265 2275 345 2313 tamen
356 2262 397 2311 ille
407 2264 490 2327 prior,
503 2280 551 2329 quo
562 2280 599 2311 me
610 2263 662 2313 sine
674 2264 771 2315 crimine
783 2263 846 2333 gessi
856 2297 866 2325 ,

267 2334 365 2384 Candor
375 2336 405 2383 ab
416 2335 509 2384 insolita
520 2337 573 2385 labe
584 2336 702 2386 notandus
714 2350 765 2386 erat
776 2356 785 2396 3

228 2406 263 2457 At
273 2409 335 2458 bene
346 2408 476 2466 successit,
488 2408 563 2475 digno
574 2410 639 2475 quod
649 2410 769 2461 adurimur
778 2410 839 2477 igni.

266 2479 338 2546 Pejus
349 2482 468 2531 adulterio
479 2483 554 2549 turpis
566 2484 661 2533 adulter
671 2483 746 2534 obest.

180 2562 194 2614 3
201 2564 213 2612 5
230 2553 255 2603 si
268 2554 324 2603 mibi
336 2554 456 2605 concedat
466 2554 531 2606 June
542 2556 687 2622 fratremque
700 2556 824 2626 virumque
835 2574 845 2616 ς

265 2626 425 2695 Hippolytum
435 2628 519 2678 videar
528 2630 687 2695 praepositura
696 2629 710 2681 J
713 2629 762 2681 ovi.

228 2699 283 2753 Jam
293 2718 405 2768 quoque,
416 2702 458 2750 vix
470 2702 569 2761 credas,
582 2703 676 2770 ignotas
689 2704 753 2753 nitor
763 2703 788 2753 in
798 2720 882 2757 artes:

264 2774 305 2823 Est
315 2774 372 2823 mihi
383 2791 426 2840 per
436 2774 508 2825 saevas
519 2776 622 2842 impetus
633 2778 668 2825 ire
679 2776 751 2827 feras.

228 2846 281 2899 Jam
291 2848 348 2897 mibi
359 2838 432 2913 prima
445 2848 500 2898 Dea
512 2849 559 2908 est,
573 2866 649 2899 cornu
659 2851 781 2917 praesignis
792 2850 903 2915 adunco,

175 2938 212 2988 40
263 2919 477 2992 Deliezjudicium
487 2921 615 2993 subsequor
625 2920 763 2990 ipsa'tuum.
897 2922 900 2927 ’
