2034 3709
241 253 683 326 Hizrrvrrcon.
744 277 818 355 293
910 319 912 327 ,

105 374 216 430 Dimotis
233 374 329 435 caudi,
346 364 474 425 siibmissus'
485 370 561 431 sidit,
576 372 666 424 arenis.

92 459 95 470 ¹
152 461 155 465 ⁸
584 444 608 495 in
626 462 696 499 aurat

106 523 223 583 Emicat,
241 537 313 591 atque
329 522 399 572 dosos
416 520 477 570 saltu
494 519 587 569 deludit
602 520 702 573 inustus.
832 536 863 586 25

105 608 735 647 *tererestereeere

106 668 140 719 Et
155 684 263 721 muraena
278 670 368 728 ferox,
382 669 468 719 teretis
483 668 529 718 sibi
544 667 640 717 conscia
656 668 740 738 tergi,

107 742 148 795 Ad
164 744 245 793 laxata
260 742 335 810 magis
353 741 468 793 conversa
484 742 600 793 foramina
615 740 695 802 retis,

108 816 221 867 Tandem
238 816 387 884 permultos
403 815 485 865 evadit
500 816 591 866 lubrica
607 814 696 867 flexus.

107 890 277 957 Exemploque
292 901 386 949 nocet,
404 888 495 939 cunsiis
510 889 643 939 intervenit
657 904 716 941 una.

109 963 145 1013 At·
161 965 247 1013 contri
264 962 368 1029 scopulis
385 962 468 1012 crinali
487 978 591 1029 corpore
607 961 686 1031 segnis
834 974 868 1031 30

7 1087 8 1106 2
108 1036 219 1106 Polypus
235 1038 332 1095 haeret,
353 1037 379 1087 dt
393 1037 438 1086 hac
454 1035 531 1085 eludit
546 1035 608 1085 retia
624 1030 729 1095 fraude,

108 1110 143 1161 Et
158 1111 201 1161 sub
217 1113 273 1179 lege
289 1109 339 1160 loci
353 1109 423 1160 sumit
437 1110 706 1177 mutatquecolorem3
809 1142 812 1148 ,

110 1185 213 1251 Semper
229 1185 253 1233 ei
267 1184 367 1242 ciuilis,
384 1198 456 1249 quem
467 1183 578 1250 contigit.
598 1182 680 1249 Atque
690 1182 731 1233 ubi
745 1184 849 1248 praedam

109 1256 263 1308 Pendentem
277 1256 333 1307 setis
346 1256 431 1307 avidus
445 1256 525 1323 rapit,
544 1253 584 1305 hic
602 1272 698 1322 quoque
715 1256 778 1307 fallit

109 1330 183 1382 Elato
199 1332 312 1390 calamo,
330 1328 384 1380 cinn
399 1329 495 1379 demum
512 1328 616 1379 emersus
633 1329 658 1381 iu
674 1346 744 1380 auras
792 1350 794 1355 ¹
814 1344 846 1397 ·3
852 1347 865 1395 5

109 1404 213 1455 Brachia
228 1403 351 1463 dissolvit,
367 1405 558 1471 populatumque
576 1402 669 1469 exspuit
682 1404 785 1455 iiamum.

109 1477 146 1528 At
162 1479 244 1547 Mugil
260 1475 336 1528 caudi
351 1477 498 1543 pendentem
516 1478 645 1527 everberat
661 1476 758 1538 escam,

110 1551 283 1618 Excussamque
298 1551 368 1618 legit.
385 1550 467 1616 Lupus
482 1550 532 1599 acri
549 1549 659 1601 concitus
675 1550 710 1601 irt

110 1624 228 1675 Discursu
243 1625 322 1674 fertur
337 1624 425 1680 vario,
444 1622 578 1689 ssustueque
593 1623 701 1675 serentes

109 1696 287 1766 Prosequitur,
303 1694 439 1763 quasi'atque
449 1707 542 1762 caput,
559 1694 614 1745 dum
624 1698 725 1747 vulnere
737 1697 813 1748 sevus
833 1710 867 1760 40

110 1770 205 1822 Laxato
222 1772 293 1822 cadat
308 1771 409 1829 hamur,
429 1768 455 1819 dt
469 1784 512 1819 ora
531 1769 636 1836 patentia
652 1770 754 1837 linquat.

110 1846 167 1897 Nec
182 1846 293 1913 proprias
305 1844 370 1894 vites
387 1842 464 1893 nescit
480 1843 592 1894 Muraena
606 1844 729 1895 nocendi:
797 1858 800 1865 '

109 1918 259 1987 Auxilioque
274 1918 320 1969 sibi
335 1915 387 1975 est,
405 1916 486 1966 morsu
503 1932 549 1966 nec
568 1916 701 1967 comminus
717 1916 768 1967 acri

111 1992 226 2053 Deficit,
245 2005 287 2042 aut
303 1991 397 2041 animos
416 1990 486 2056 ponit
503 1988 597 2056 captiva
613 1989 728 2040 minaces.

111 2068 216 2118 Anthias
232 2066 289 2125 his,
306 2078 379 2132 tergo
395 2080 449 2131 quae
464 2063 594 2123 concutit,
614 2063 690 2113 utitur
706 2062 797 2123 armis,
835 2076 868 2127 45

111 2141 171 2191 Vim
188 2140 260 2206 spine
274 2139 393 2205 novitque
409 2137 475 2196 suae,
495 2136 614 2203 versoque
631 2134 726 2202 supinus

112 2212 228 2279 Corpore
244 2213 292 2263 lina
308 2212 393 2269 secet,
410 2209 533 2276 fixumque
548 2210 670 2277 intercipit
685 2211 790 2260 hamum.

110 2300 758 2349 *recurvationem

113 2361 206 2411 Cetera
222 2376 277 2427 qun
292 2360 377 2411 densas
392 2360 501 2410 habitant
516 2359 624 2411 aninulia
634 2358 732 2417 ¹silvas,

112 2434 167 2485 Aut
181 2434 238 2483 vani
253 2433 363 2501 quatiunt
379 2433 472 2501 semper
487 2434 610 2502 lymphata
624 2431 745 2488 timores,

5 2543 6 2552 η
60 2526 70 2547 ·
113 2506 166 2559 Aut
182 2508 256 2557 trahit
268 2507 295 2557 in
310 2524 419 2574 praecept
435 2524 485 2557 nnn
498 2504 553 2557 sana'
567 2505 658 2557 ferocia
674 2502 772 2556 mentia.
839 2516 872 2567 50.

113 2580 167 2648 Ipsa
183 2581 250 2649 sequi
265 2581 358 2631 Natura
374 2593 478 2639 monet,
497 2582 539 2631 vel
556 2578 688 2629 comminus
706 2579 752 2629 ire.

113 2655 220 2723 Impiger
234 2669 295 2705 ecce
311 2654 363 2704 Leo
378 2653 510 2705 venantdm
525 2653 630 2705 sternere
647 2651 727 2720 pergit

113 2728 219 2795 Agmina
229 2761 238 2788 ,
250 2728 276 2780 ἃ
290 2727 398 2779 adversis
412 2728 486 2778 insert
500 2728 540 2778 sua
555 2727 654 2793 pesiora
670 2725 744 2777 telis:

114 2800 223 2868 Qudque
237 2800 324 2859 venit,
338 2799 418 2851 fidens
430 2802 504 2868 magis
521 2802 547 2852 dt
563 2799 677 2851 sublatiot
691 2798 770 2849 ardet.

116 2874 297 2943 Concussitque
314 2885 402 2933 toros,
421 2875 447 2926 δι
463 2874 553 2925 viribus
569 2873 659 2922 addidit
677 2872 746 2923 iram.
839 2884 870 2934 55

114 2947 268 3008 fProdidit3
285 2959 359 3026 atque
376 2948 419 3021 suo
435 2959 552 3017 properat
567 2946 612 2998 sibi
627 2943 818 3069 ‘⁰¹'⁰¹²N¹‘.¹.}¹.¹¹¹·

754 3032 780 3083 ιι]
