2034 3709
231 207 303 279 192
353 185 860 277 OrrnrrAraonrsnr

225 307 265 357 dn
281 304 392 371 prosint,
410 298 506 353 dubium
522 320 529 352 r
547 317 684 353 nocuerunt
700 302 807 356 carmina
820 307 914 367 certet:

165 408 168 418 ι
263 378 361 431 Invidiae
379 376 463 427 nostiis
480 377 520 426 illa
536 377 606 430 fuere
622 379 701 428 bonis.

185 470 215 521 15
228 452 290 505 Cdm
300 450 393 501 Thebae
403 483 411 508 ,
426 447 479 499 crim
489 448 568 517 Troja
578 450 675 511 forent,
689 449 743 502 ciam
755 451 860 506 Caesaris
870 453 924 509 adia
933 468 959 514 ς·

264 524 389 593 Ingenium
406 524 482 573 movit
499 523 548 573 sola
564 522 672 573 Corinna
687 542 776 576 meum.

228 599 329 652 Aversis
348 598 437 647 utinam
455 596 581 664 tetigissem
600 598 703 647 carmina
717 598 820 650 Musis!

265 670 370 722 Phoebus
388 670 414 721 ὅ(
431 670 554 735 inceptum
571 670 709 721 dedituiffet
726 672 811 739 opus!

227 747 283 799 Nec
298 756 396 801 tamen,
415 754 442 792 ut
459 742 533 792 telles
548 760 601 793 mos
615 742 649 793 est
663 744 746 795 audire
762 748 873 811 podtast

183 838 218 887 ²0.
263 816 397 869 Malueram
415 816 494 866 verbis
511 816 605 881 pondus
622 816 700 867 abelle
714 819 784 869 meis.

228 890 275 943 Per
289 906 334 940 nos
349 891 449 958 Scylla,
466 890 530 954 parri
547 906 620 939 canos
634 891 711 941 furata
724 892 827 957 capillos
839 925 848 951 .

264 963 331 1014 Pube
346 962 433 1029 premit
451 964 549 1013 rabidos
565 962 746 1031 inguinibusque
764 982 849 1016 canes.

226 1035 281 1089 Nos
292 1037 392 1103 pedibus
407 1052 499 1102 pennas
515 1036 641 1095 dedimus,
656 1053 701 1087 nos
715 1038 826 1089 crinibus
836 1055 946 1107 angues.

263 1111 350 1163 Viiior
365 1108 514 1159 Abantiades
531 1109 588 1159 alite
604 1109 681 1159 fertur
697 1126 771 1176 equo.

184 1184 295 1253 251‘10m
311 1201 355 1250 per
374 1182 472 1249 spatium
488 1182 584 1249 Tityon
602 1183 752 1247 porreximus
766 1183 877 1251 ingens:

265 1257 297 1307 Et
313 1257 358 1307 tria
374 1257 475 1324 vipereo
492 1255 592 1305 fecimus
609 1272 651 1305 ora
668 1256 730 1307 cani.

228 1331 339 1390 Fecimus
355 1329 496 1379 Enceladon
511 1328 657 1394 jaculantem
671 1330 736 1379 mille
752 1330 875 1391 lacertis3

231 1395 236 1406 ’
263 1402 389 1469 Ambiguae
406 1414 491 1468 captos
507 1402 606 1470 virginis
622 1419 665 1453 ore
681 1403 755 1454 viros.

226 1474 322 1528 AEolios
337 1475 425 1525 Ithacis
439 1476 577 1526 inclusimus
593 1477 684 1527 utribus
699 1476 798 1528 Eurost

183 1565 217 1618 30
263 1548 376 1599 Proditor
392 1549 417 1598 in
432 1548 512 1599 medio
525 1548 642 1599 Tantalus
656 1566 726 1601 amne
742 1550 803 1601 sitit.

226 1622 269 1673 De
283 1622 364 1673 Niobe
380 1622 490 1680 silicem5
511 1621 542 1671 de
558 1622 650 1689 virgine
667 1624 766 1674 fecimus
783 1623 884 1675 ursam:

263 1694 378 1746 Concinit
395 1694 527 1763 Odrysium
546 1693 665 1760 Cecropis
680 1698 730 1747 ales
747 1697 814 1764 ltyn.

226 1767 337 1837 luppiter
348 1779 389 1819 aut
404 1768 428 1817 in
442 1784 520 1825 aves,
537 1780 579 1817 aut
593 1768 616 1818 se
627 1770 781 1820 transformat
795 1770 941 1821 inausum:

261 1844 313 1893 Aut
328 1841 412 1900 secat,
428 1839 540 1908 impositi
556 1841 666 1908 virgine,
681 1854 764 1893 taurus
780 1859 866 1908 aquas.

181 1929 213 1983 35
224 1913 314 1967 Protea
325 1915 382 1982 quid
392 1912 516 1965 referam?
531 1914 695 1981 Thebanaque
708 1916 811 1974 semina,
828 1916 917 1967 dentes
928 1912 939 1965 l

262 1987 313 2053 Qui
327 1999 455 2039 vomerent
469 1987 574 2037 flammas
588 2004 650 2045 ore,
668 1987 735 2038 fuille
749 1988 854 2039 boves?

224 2062 295 2113 Flere
313 2061 381 2130 genie
395 2060 484 2111 eterna
501 2072 575 2118 tuas,
592 2062 692 2128 auriga,
708 2061 829 2113 sorores?

261 2134 371 2201 Quaeque
388 2146 453 2185 rates
467 2132 575 2190 fuerint,
592 2151 656 2183 nuuc
672 2134 742 2184 maris
759 2133 806 2185 elie
823 2134 919 2185 Deas?

223 2207 388 2274 Aversumque
405 2208 467 2257 diem
485 2206 575 2256 mensis
591 2206 712 2256 furialibus
728 2208 798 2258 Atrei
812 2206 824 2257 ,²

178 2297 214 2343 4ο
259 2280 376 2346 Duraque
391 2278 522 2347 perculsam
538 2278 594 2329 saxa
609 2278 689 2330 secuta
705 2278 806 2348 lyram?

221 2352 277 2403 Exit
295 2353 318 2402 in
333 2354 471 2403 immensum
486 2352 591 2403 fecunda
606 2353 704 2402 licentia
719 2366 823 2405 vatum:

258 2425 359 2494 Obligat
374 2425 485 2476 historici
502 2441 549 2475 nec
564 2424 604 2475 sua
619 2426 692 2478 verba
709 2425 767 2478 lide.

222 2498 254 2549 Et
271 2515 323 2549 mea
340 2499 457 2549 debuerat
475 2497 536 2549 falsd
553 2499 647 2548 laudata
663 2499 741 2549 videri
991 2549 992 2572 q

256 2570 354 2624 Femina
370 2587 377 2625 ι
394 2572 524 2624 credulitas
540 2587 604 2622 nune
618 2572 676 2624 mihi
690 2572 767 2626 vestra
783 2584 871 2625 nocet.
989 2595 991 2668 q

773 2975 935 3030 abacia

976 3155 979 3247 ⁴
