2034 3709
209 234 286 307 290
336 214 545 283 0711211
576 209 831 281 NAaours

209 336 271 385 Haec
287 332 328 383 ubi
343 330 455 394 ventosas
470 330 563 380 fuerint
576 330 667 381 siccata
683 346 726 397 per
742 350 836 393 auras;

245 408 322 457 Lenta
337 405 396 472 jube
410 404 491 455 scabri
506 404 601 471 frangat
615 404 687 453 asella
703 404 777 455 moli.

208 480 260 539 Et,
279 495 334 547 quae
350 478 426 546 prima
441 477 532 527 cadunt
547 478 627 527 vivaci
644 494 735 527 cornua
750 494 848 540 cervo,

164 555 200 607 60
247 553 357 604 Contere
371 567 379 603 t
393 554 419 603 in
431 552 485 603 haec
495 550 563 601 solidi
575 551 640 601 sexta
652 550 706 602 face
718 552 777 602 assis
792 566 846 605 eat.

208 627 311 693 Jamque
325 626 367 676 ubi
376 627 500 693 pulvereae
515 624 606 676 fuerint
622 624 721 674 confusa
731 626 835 687 farinae,

245 700 358 750 Protinus
375 700 400 749 in
413 699 499 749 cribris
516 698 595 749 omnia
610 712 684 749 cerne
699 699 777 767 cavia.

208 772 296 841 Adjice
310 773 419 823 Narcissi
433 773 470 823 bis
487 772 530 823 dex
545 772 597 821 sine
615 772 708 823 cortice
724 772 834 833 bulbos,

245 849 348 898 Strenua
364 861 426 914 quos
441 862 504 912 puro
522 860 641 895 marmore
656 844 741 895 dextra
758 858 845 897 terat:

164 922 198 987 65
209 922 400 987 Sextantemque
414 920 495 969 trahat
506 918 594 985 gummi
611 934 665 969 cum
676 918 766 969 semine
777 920 890 973 Thusco.

244 994 396 1044 Huc-novies
410 1004 480 1042 tanto
490 994 545 1059 plus
554 991 599 1041 tibi
610 992 747 1043 mellirent.

208 1067 373 1133 Quaecumque
391 1064 481 1116 afficiet
498 1066 541 1115 tali
557 1065 716 1115 medicamine
731 1066 849 1128 vultum,

246 1140 358 1209 Fulgebit
372 1139 472 1205 speculo
488 1138 573 1189 laevior
587 1138 637 1205 ipsa
651 1138 704 1189 suo.

207 1215 262 1264 Nec
277 1226 305 1263 tu
319 1214 439 1279 pailentet
454 1211 537 1263 dubita
551 1223 647 1261 terrere
662 1210 778 1278 lupinos,

162 1304 198 1352 70
245 1286 278 1335 Et
292 1287 363 1336 simui
377 1286 488 1335 inflantes
501 1300 607 1352 corpora
621 1285 683 1351 frige
700 1284 778 1337 fabas.
872 1276 875 1283 Δ

208 1362 318 1425 Utraque
332 1358 373 1409 sex
388 1358 515 1415 habeant,
532 1374 603 1425 aequo
620 1358 776 1419 discrimine,
794 1360 867 1412 libras
879 1377 890 1415 a

242 1430 353 1497 Utraque
368 1431 398 1481 da
413 1430 488 1498 nigris
502 1431 688 1481 comminuenda
704 1433 785 1483 molis.

206 1508 260 1557 Nec
276 1502 366 1554 ceruss'a
382 1503 445 1563 tibi,
465 1519 512 1554 nec
526 1505 583 1555 nitri
599 1505 678 1571 spuma
695 1506 807 1557 rubentis

242 1578 336 1635 Desit,
359 1578 386 1630 δι
403 1576 500 1645 lllyrici
517 1591 569 1643 quae
583 1578 652 1628 venit
669 1578 710 1627 iris
727 1580 813 1631 humo.

162 1665 195 1717 75
207 1653 247 1703 Da
261 1651 345 1701 validis
359 1650 475 1716 juvenum
492 1651 583 1716 pariter
597 1650 726 1719 subigenda
740 1652 861 1705 lacertis:

182 1758 185 1763 -
243 1724 293 1774 Sed
309 1723 393 1789 justum
409 1724 472 1773 tritis
489 1724 560 1773 uncia
578 1726 673 1789 pondus
690 1726 746 1776 etit.

206 1798 302 1850 Addita'
312 1796 342 1847 de
356 1798 459 1864 quendu
473 1799 600 1847 volucrum
614 1798 774 1850 medicamina
790 1799 851 1852 nido

244 1871 299 1922 Ore
315 1871 400 1940 fugant
417 1873 523 1922 maculat
539 1886 552 1921 a
562 1870 706 1939 Haicyonea
719 1883 823 1925 vorant.

206 1944 339 2003 Pondere,
356 1944 496 2013 nquaetie,
513 1960 561 2011 quo
577 1944 622 1995 sim
639 1955 769 1997 contentus
787 1948 812 1996 iu
829 1948 902 2009 issiu

163 2019 198 2070 80
244 2018 319 2083 Quod
335 2020 409 2070 trahit
425 2019 450 2069 in
464 2030 547 2085 partes
562 2018 634 2067 untia
647 2018 714 2068 sexta
731 2018 801 2069 duas.

207 2094 243 2145 Ut
260 2095 367 2151 coeant,
385 2092 490 2159 apteque
505 2090 547 2142 lini
560 2108 605 2159 pet
622 2105 725 2157 corpora
741 2094 858 2160 possint,

243 2165 333 2234 Adjice
348 2168 380 2217 de
395 2166 464 2216 ssavis
480 2165 564 2216 Attice
580 2166 652 2216 mella
667 2166 736 2217 iaris.

206 2238 326 2305 Quamvis
338 2252 393 2290 tura
409 2238 480 2289 Deua
497 2240 606 2305 irataque
622 2239 719 2290 numina
730 2238 858 2305 placenta

243 2314 301 2363 Non
315 2326 396 2363 tamen
409 2311 518 2361 actenris
533 2312 612 2361 omnia
629 2313 706 2362 danda
720 2312 793 2365 iocis.

162 2383 195 2447 85
206 2386 259 2436 Tur
273 2386 315 2435 ubi
328 2384 450 2436 miscuerit
464 2384 558 2435 radenti
573 2385 659 2435 tubera
673 2386 739 2437 nitro
751 2402 760 2445 ς
861 2414 863 2418 ·

241 2454 392 2509 tondentur
406 2454 526 2525 juristae
541 2457 573 2507 rit
586 2457 708 2524 utrimque
721 2458 810 2510 triens.

206 2530 279 2583 Parte
294 2532 372 2581 minua
388 2530 472 2597 quarti
487 2530 614 2597 dereptum
632 2532 725 2582 cortice
741 2532 849 2598 gummi,
938 2535 942 2541 ’

244 2605 254 2627 ⁸
266 2604 298 2653 lit
307 2602 426 2653 modicum
437 2619 452 2652 e
461 2605 564 2670 myrrhis
574 2604 701 2672 pinguibus
712 2606 775 2655 adde
785 2609 880 2656 cubum.

208 2678 270 2728 Haec
282 2677 324 2726 ubi
338 2674 468 2733 contritis,
485 2693 531 2741 per
546 2678 617 2727 densa
633 2678 751 2728 foramina
768 2694 862 2731 cerne:

162 2763 198 2816 90
244 2749 324 2800 Pulvis
340 2750 370 2799 ab
386 2746 463 2797 intuso
479 2750 552 2799 melie
569 2753 713 2816 premendus
729 2752 790 2801 erit.

207 2821 301 2874 Profuit
310 2815 337 2872 dt
346 2820 478 2870 marathros
488 2822 552 2871 bene
564 2825 684 2875 olentibus
695 2821 785 2876 addere
797 2825 901 2895 myrrhis
912 2843 921 2885 ς

243 2893 582 2964 Quinque'trahautmarathti
590 2896 810 2969 scrupula,mytrhe
817 2916 919 2954 novem.
