2034 3709
158 260 719 332 LrnnnII.Ezno1AIII.
748 283 822 360 ¹47

102 377 187 448 Culpa
202 398 249 432 nec
265 398 297 431 ex
311 380 394 438 facili,
412 382 519 447 quamvis
533 379 670 440 manifesta,
685 385 810 452 probatur.
832 397 863 450 55

145 455 238 507 Judicis
254 455 295 506 illa
312 454 346 503 sui
363 465 414 503 tuta
431 453 516 505 favore
534 455 609 505 venit.

106 529 206 585 Viderit
223 528 275 596 ipse
292 527 370 586 licet,
390 527 474 578 credet
488 540 570 578 tamen
589 527 638 596 ipse
655 531 774 596 neganti:

141 603 326 668 Damnabitque
343 600 449 661 oculos,
470 601 557 654 &sibi
574 603 647 651 verba
663 603 739 654 dabit.

105 675 213 744 Aspiciat
228 676 332 726 dominae
347 675 483 743 lacrymas,
503 675 608 742 plorabit
626 675 652 726 &
669 675 738 744 ipse:

139 749 174 800 Et
190 749 278 808 dicet,
296 748 384 799 Poenas
401 750 510 816 garrulus
526 749 568 799 ille
584 749 660 799 dabit.
829 747 866 804 6ο

106 821 188 888 Qulrn
206 824 284 891 dispar
304 834 426 872 certamen
441 823 487 873 inis
505 821 514 872 l
532 823 575 874 tibi
591 823 694 874 verbera
710 819 775 873 villo

139 897 236 948 Adsunt
254 897 304 948 :in
321 896 415 964 gremio
429 894 516 964 judIcis
534 897 575 947 illa
589 895 666 947 sedet.

103 971 162 1022 Non
178 971 258 1021 scelus
275 961 427 1038 aggredimur
443 987 451 1021 :
466 987 516 1020 non
532 969 696 1020 admiscenda
714 967 810 1022 coimus

139 1044 237 1094 Toxica
254 1060 262 1097 :
278 1062 329 1094 non
345 1043 423 1094 strillo
441 1044 551 1094 fulminat
568 1043 623 1093 ense
641 1059 735 1094 manus.

102 1117 264 1183 Querimus,
284 1132 312 1169 ut
326 1113 382 1167 tutb
400 1129 483 1186 perte
500 1118 619 1184 possimus
636 1133 725 1166 amare.
828 1115 862 1182 65

139 1190 208 1256 Quid
222 1191 336 1260 precibus
351 1191 434 1242 nostris
449 1192 547 1242 mollius
564 1189 611 1240 else
628 1187 731 1256 potest?

136 1299 787 1374 &re-³2&

263 1415 520 1482 ELEGIA
568 1419 658 1484 111.

4 1562 5 1565 Ἴ
102 1509 216 1630 Hm
226 1576 285 1628 mihi
294 1577 301 1628 l
310 1579 376 1646 quod
385 1577 504 1630 dominam
513 1595 560 1630 nec
567 1578 613 1638 vir,
621 1595 666 1630 nec
676 1577 773 1640 lemine,
780 1578 879 1639 servan

136 1649 226 1700 Mutua
242 1669 290 1702 nec
305 1652 412 1706 Veneris
426 1653 514 1720 gaudia
528 1653 593 1704 nolle
609 1666 690 1720 potes.

99 1721 153 1787 Qui
167 1723 259 1789 primus
272 1727 354 1791 pueris
372 1725 485 1794 genitalia
499 1728 607 1778 membra
621 1725 730 1786 recidit3

136 1798 267 1857 Vulnera,
286 1816 339 1866 quae
353 1799 431 1858 lecit,
450 1800 534 1851 debuit
548 1800 597 1868 ipse
613 1802 672 1868 pati.

4 1882 5 1917 3
99 1870 184 1921 Mollis
200 1871 226 1921 in
244 1872 404 1939 obsequium,
423 1873 548 1939 facilisque
564 1875 703 1942 rogantibus
720 1870 801 1932 elien
823 1884 836 1936 5

4 2250 6 2377 t

136 1943 161 1993 si
176 1957 235 1994 tuus
252 1945 278 1994 in
294 1946 377 2012 quavis
391 1946 554 2012 praetepuiffet
570 1963 647 1997 amor.

97 2019 158 2068 Non
173 2030 201 2068 tu
217 2030 289 2070 natus
304 2036 389 2086 equo,
408 2037 458 2070 non
472 2020 575 2082 fortibus
592 2020 657 2070 utilis
668 2017 765 2072 armisz

134 2090 226 2142 Bellica
242 2108 293 2142 non
309 2092 401 2142 dextm
418 2093 534 2157 convenit
550 2092 614 2144 hallia
629 2106 691 2144 tuae.

97 2164 143 2216 llla
158 2181 238 2216 mares
253 2165 357 2216 trallent
371 2182 379 2217 ε
394 2179 422 2217 tu
435 2166 489 2232 spes
504 2168 601 2232 depone
617 2166 710 2230 viriles.

135 2237 188 2288 Sint
202 2238 248 2288 tibi
263 2255 317 2298 cum
332 2239 428 2290 domini
444 2240 513 2308 signa
529 2240 629 2292 ferenda
646 2237 696 2290 tub.
820 2249 854 2290 lo

95 2309 168 2363 llam
183 2310 258 2378 imple
272 2313 365 2363 meritis
380 2329 388 2364 e
403 2311 475 2380 hujus
491 2315 535 2375 tibi
549 2315 624 2382 gratia
639 2313 727 2380 prosit·

133 2384 159 2435 Si
174 2401 257 2436 careas
273 2385 333 2446 illl,
348 2384 402 2453 quis
418 2397 476 2440 tuus
489 2386 543 2438 usus
561 2386 631 2440 erit?
772 2447 775 2454 .

97 2457 139 2511 Est
153 2459 226 2510 etiam
243 2459 338 2520 iacies,
357 2460 411 2510 sunt
426 2461 476 2526 apti
489 2461 581 2519 lusibus
596 2460 670 2512 anni:

133 2532 236 2600 indigna
250 2532 284 2582 est
298 2533 368 2602 pigro
384 2533 461 2593 forma
476 2533 556 2600 petire
572 2534 629 2584 situ.

96 2606 191 2658 Fallere
208 2618 235 2656 te
251 2607 351 2672 potuit,
368 2608 476 2675 quamvis
491 2609 596 2658 habeare
611 2604 743 2659 molestus:
817 2615 851 2667 ,¹5

133 2679 190 2729 Non
207 2692 276 2730 caret
291 2679 396 2740 effeetu.
411 2681 477 2748 quod
492 2682 595 2732 voluere
612 2681 669 2732 duo.

96 2751 185 2820 Aptius
201 2764 230 2805 ut
246 2754 321 2806 fuerit
333 2755 447 2822 precibus
463 2754 582 2815 tentaffe,
599 2767 736 2822 rogamus:

132 2825 199 2882 Dum
213 2828 279 2883 benc
291 2828 401 2899 ponendi
413 2845 513 2881 munera
528 2842 623 2900 tempus
639 2829 727 2880 habes.

421 3027 425 3034 ·
704 3029 793 3116 .ch
