2034 3709
211 212 286 305 158
338 208 552 311 Oqtnrr
578 200 832 281 Ἀκοιιυη

185 334 236 401 50
253 334 261 384 l
276 331 388 391 utinam,
405 346 474 383 remo
488 347 521 381 ue
535 328 589 397 quis
604 331 669 387 freta
684 330 759 398 longa
775 341 920 391 moveret,

245 408 314 476 Argo
330 404 435 457 funestas
451 404 528 472 pressa
543 403 637 454 bibiffet
652 404 748 471 aquas!

209 481 276 532 Ecce
291 478 354 549 fugit
367 492 503 546 notumque
516 490 620 537 torum,
633 478 764 545 sociosque
776 476 886 529 Penates
898 494 912 537 ς
930 480 936 490 ’

246 555 404 620 fallacesque
419 554 470 603 vias
488 553 525 602 ire
542 552 651 602 Corinna
665 563 745 618 parat.

211 627 279 695 Quid
289 626 398 691 tibi,(me
407 627 517 677 miserum
525 624 679 693 !)Zepbyros
686 624 818 690 Eurosque
826 625 937 685 timeum*

170 715 204 753 ιο
249 702 283 753 Et
298 696 404 769 gelidum
420 700 538 758 Borean,
557 698 728 767 egelidumque
744 696 868 749 Notum?

212 776 271 827 Non
285 775 335 825 illie
349 775 439 832 urbes,
458 790 510 822 non
524 785 553 822 tu
567 772 685 822 mirabere
698 772 796 825 silvas:

251 848 307 899 Una
324 847 358 897 est
374 846 452 911 injusti
468 848 555 897 cerula
570 846 647 897 form
664 845 744 895 maris.
846 906 850 911 .

213 922 269 973 Nee
283 920 376 971 medius
392 932 481 971 tenues
497 920 625 978 conchas,
644 918 754 984 pitiosve
769 918 891 986 lapillos,⁴

250 994 343 1047 Pontus
356 994 430 1044 habet
445 1010 454 1045 t
469 994 547 1044 bibuli
562 993 641 1043 litoris
656 993 697 1042 illa
712 1008 780 1042 mora
796 992 844 1045 est.

174 1082 204 1133 15
214 1068 298 1119 Litora
314 1068 454 1118 marmoreis
471 1067 575 1134 pedibus
587 1067 723 1135 signanda,
741 1068 845 1132 puellae.
866 1124 871 1129 Δ

252 1142 375 1193 Ηιέὶειιιις
391 1140 425 1191 est
440 1154 520 1191 tutum
535 1157 543 1193 t
560 1152 644 1190 cetera
660 1156 726 1197 caeca
740 1140 781 1189 via
796 1139 844 1191 eli.

216 1216 248 1267 Et
263 1216 334 1266 vobis
349 1214 389 1265 alii
405 1228 535 1265 ventorum
547 1213 634 1280 proelia
650 1226 770 1272 intrent3

252 1288 322 1353 Quas
339 1288 422 1355 Scylla
438 1287 553 1347 infestet,
573 1303 664 1355 quasve
680 1285 818 1355 Charybdis
836 1298 933 1353 aquas}
993 1299 994 1330 f

216 1362 247 1411 Et
262 1363 349 1428 quibus
366 1360 488 1412 emineant
502 1361 612 1412 violenta
626 1360 748 1411 Ceraunia
762 1360 850 1411 saxis:

172 1446 207 1483 ιο
252 1434 310 1498 Quo
324 1435 416 1483 lateant
432 1435 538 1502 Syrtes,
555 1450 637 1501 quove
652 1432 734 1483 Mirer
743 1468 751 1492 ,
770 1434 835 1484 sinu.

216 1506 275 1556 llaec
287 1507 327 1557 alii
335 1506 443 1559 referant
457 1524 465 1558 z
479 1520 505 1557 at
514 1524 580 1566 vos,
595 1507 661 1574 quod
670 1507 770 1573 quisque
782 1509 937 1577 loquentur}
995 1507 996 1532 ³

254 1580 356 1631 Credite
371 1598 379 1631 t
394 1581 505 1631 credenti
522 1582 588 1631 nulla
601 1582 712 1647 procella
726 1593 813 1634 nocet.

216 1653 279 1705 Serd
294 1654 420 1721 respicitur
433 1656 525 1715 tellus,
542 1654 601 1713 ubi,
623 1655 680 1704 fune
696 1653 797 1714 soluto,

256 1727 338 1779 Currit
354 1728 379 1777 in
393 1728 533 1777 immensum
549 1728 628 1794 panda
644 1727 725 1777 carina
742 1728 827 1779 salum.

173 1817 205 1869 25
219 1802 309 1851 Navita
327 1800 434 1851 felicius
451 1804 497 1868 qul
512 1813 602 1852 ventos
617 1802 704 1851 horret
719 1801 839 1869 iniquos,

254 1874 286 1923 Et
296 1890 373 1941 prope
384 1886 433 1925 tam
443 1876 519 1924 letum
531 1907 539 1933 ‚
557 1876 630 1941 quim
638 1892 717 1941 prope
727 1878 808 1927 cernit
818 1881 920 1943 aquami

140 1948 141 1953 ’
218 1946 308 2011 Quid?
325 1948 345 1999 si
362 1948 485 1999 concuffas
502 1942 592 1997 Triton
609 1948 735 2014 exasperet
751 1949 855 1999 undas?

255 2020 336 2084 Quini
350 2021 397 2071 tibi
409 2038 473 2071 nunc
488 2033 545 2072 toto
561 2021 641 2073 nullus
657 2023 682 2071 in
697 2038 742 2072 ore
759 2022 851 2073 color!

216 2094 282 2143 Tum
299 2095 415 2163 generosa
430 2112 506 2146 voces
522 2094 634 2146 fecundae
651 2095 731 2146 sidera
747 2096 847 2148 Ledae:

173 2182 207 2234 30
255 2168 305 2226 Et,
323 2168 341 2219 F
344 2168 411 2227 elix,
431 2168 514 2227 dicas,
530 2184 600 2234 quam
616 2169 656 2218 sua
670 2180 737 2219 terra
753 2168 848 2220 tenet!

217 2240 307 2289 Tutius
323 2242 356 2291 est
374 2242 458 2293 fovill'e
473 2254 573 2300 torum,
592 2240 674 2309 legiss'e
690 2242 808 2303 libellos,

253 2312 397 2364 Threiciam
414 2315 493 2383 digitis
515 2314 656 2383 increpuitre
675 2317 764 2385 lyram.

217 2384 272 2447 Ar,
292 2387 313 2436 si
327 2404 389 2439 vana
406 2390 488 2439 ferunt
502 2391 619 2441 volucres
635 2406 690 2441 mea
705 2390 766 2441 ditia
782 2391 925 2461 procella}

255 2456 335 2525 AEqua
349 2474 431 2513 tamen
446 2464 521 2531 puppi
535 2464 567 2514 sit
582 2462 686 2514 Galatia
701 2477 759 2516 tuae.

175 2546 207 2598 35
219 2532 332 2586 Velitum
351 2536 506 2586 crimen-erit
523 2537 578 2587 talis
594 2536 685 2604 jattura
701 2536 810 2605 puollae,

257 2605 428 2674 Nereidesque
446 2610 530 2670 Deae,
545 2610 728 2677 Nereidumque
747 2604 829 2678 pater.
927 2627 931 2631 “

219 2676 291 2736 Vade
310 2696 403 2731 memor
418 2682 511 2742 nostri,
530 2696 606 2733 vento
623 2684 730 2736 reditura
747 2684 881 2735 secundet

256 2754 359 2820 Impleat
375 2755 416 2803 illa
430 2768 487 2805 tuos
505 2756 592 2806 fortior
608 2774 667 2807 aura
682 2759 758 2808 sinus.
820 2803 824 2809 .

220 2826 284 2875 Tum
299 2842 363 2877 mare
378 2828 404 2877 in
415 2826 471 2877 baec'
486 2845 584 2898 magnus
596 2833 720 2895 proclinet
733 2832 810 2881 litore
817 2832 946 2901 Nereus}

173 2911 210 2959 40
256 2900 312 2952 lluc
329 2902 398 2953 veuti
414 2901 504 2970 [pireut
521 2919 529 2956 t
544 2904 666 2976 hucagat
682 2905 855 2976 estusaffi
888 2944 892 2951 ,
