2034 3709
135 206 289 273 er
318 204 385 271 III.
410 206 584 272 Eurum
609 204 698 273 XII.
727 227 796 298 191

14 288 18 363 i
84 322 241 383 Luuantur,
259 323 392 391 peitusque
407 324 462 372 leve
477 323 502 373 in
517 323 636 374 contraria
652 326 775 387 tendunt,

126 399 183 449 Huc
195 414 282 456 amor,
299 398 344 447 hle
358 397 457 447 odium:
475 394 533 455 sed,
549 410 628 464 puto,
644 400 720 449 vincit
734 416 812 454 amor.

14 470 15 473 ’
87 472 199 531 Odere,
217 472 237 522 si
251 482 340 538 potero
356 486 364 521 t
382 470 402 520 si
418 486 486 528 non,
503 470 592 520 invitus
608 473 703 523 amabo.
814 490 847 542 35

125 547 183 595 Nec
199 544 256 612 juga
270 548 353 594 tau'rus
369 555 432 593 amat
445 559 454 593 t
467 560 521 609 quae
536 555 617 593 tamen
634 544 704 605 odit,
720 546 803 601 habet.

13 632 15 699 j
87 618 232 686 Nequitiam
248 617 314 689 fugio
330 633 337 669 ε
352 616 485 684 fugientem
501 617 578 666 forma
592 617 699 670 reducit.
784 657 789 663 .

128 692 238 748 Aversor
253 707 347 741 morum
364 690 462 740 crimina
478 706 486 740 ι
505 706 594 757 corpus
611 706 676 741 amo.

91 766 134 817 sic
151 781 199 833 ego
216 780 261 814 nec
277 764 329 815 sine
345 776 390 822 te,
407 780 453 813 nec
467 775 550 817 tecum
566 764 650 815 vivere
664 763 777 833 poffumt

129 839 162 889 Et
178 839 265 888 videor
279 838 332 888 voti
349 837 442 887 nescius
459 836 506 887 elle
523 838 582 889 mei.
814 858 850 903 40

92 912 145 965 Aut
155 911 259 961 formosa
269 910 334 961 fores
345 910 437 969 minus,
449 922 490 961 aut
500 911 576 963 minus
586 910 713 978 improba,
724 915 814 965 vellem
824 932 833 967 t

130 987 189 1035 Non
207 985 266 1034 facit
281 986 312 1033 ad
328 1000 408 1035 mores
425 996 473 1032 tam
489 985 554 1033 bona
570 986 750 1037 formemalos.

93 1058 165 1112 Fadia
182 1070 283 1107 movent
298 1058 399 1115 odium,
418 1056 494 1108 facies
511 1070 597 1107 exorat
614 1074 741 1111 amoremt

131 1131 177 1181 Me
194 1132 305 1181 miserum
323 1130 329 1180 !
346 1130 411 1180 vitiis
428 1131 481 1197 plus
497 1132 565 1180 valet
581 1132 620 1180 illa
638 1131 693 1181 suis.

94 1204 190 1263 Parce,
205 1220 251 1271 per
267 1203 282 1254 ὃ
300 1202 307 1252 l
325 1203 380 1254 leui
399 1203 494 1253 socialia
510 1202 581 1269 jura,
599 1220 643 1271 per
659 1221 744 1258 omues
816 1224 850 1274 45

134 1276 212 1343 (Qui
229 1278 288 1327 dent
304 1276 423 1327 fallendos
440 1277 463 1326 se
482 1278 526 1326 tibi
544 1277 625 1343 saepe,
643 1278 654 1345 )
671 1278 761 1339 Deos,

97 1351 192 1417 Perque
208 1363 274 1401 tuam
290 1351 394 1409 faciem,
412 1351 491 1417 magni
508 1350 567 1399 mihi
583 1351 684 1402 numinis
700 1352 790 1414 instar,

133 1425 229 1490 Perque
243 1436 299 1475 tuos
314 1424 419 1482 oculos,
438 1424 478 1490 qui
494 1441 598 1489 rapuere
615 1442 693 1475 meos.

99 1497 222 1564 Quicquid
239 1498 306 1556 eris,
323 1513 378 1546 mea
393 1496 484 1562 semper
498 1499 546 1546 eris
563 1512 570 1547 ε
587 1512 615 1547 tu
630 1498 702 1565 selige
718 1499 829 1563 tantum,

134 1571 179 1620 Me
195 1587 293 1638 quoque
309 1570 375 1621 velle
391 1572 469 1627 velis,
486 1586 548 1619 anne
564 1571 660 1621 coruus
674 1574 774 1624 amem?
821 1593 856 1642 50

100 1644 186 1695 Lintea
201 1645 256 1693 dem
271 1644 371 1711 petius,
388 1644 516 1709 ventisque
531 1644 664 1695 ferentibus
680 1658 755 1707 utam

136 1718 172 1769 Ut
190 1718 298 1785 quamvis
315 1717 409 1775 nolim,
427 1732 501 1785 cogar
515 1734 595 1768 amare
611 1730 701 1770 tamen.

132 1826 780 1899 ςπ--τηῩμΡ--τ--ῡ

166 2024 169 2029 ,
254 1944 509 2009 eurum
556 1944 665 2008 ΧΗ.

18 2114 19 2121 ’
107 2038 229 2199 Qurs
246 2104 293 2157 fuit
307 2103 349 2154 ille
366 2103 438 2163 dies,
457 2120 506 2171 quo
522 2102 596 2154 tristia
611 2103 704 2170 semper
720 2102 808 2159 amanti

180 2180 270 2232 Omina
284 2194 334 2227 uon
349 2180 409 2227 rlbae
425 2177 578 2228 concinuistis
594 2177 674 2227 aves?

105 2254 213 2319 Quodve
229 2264 313 2319 putem
329 2250 394 2301 sidus
410 2250 493 2301 nostris
508 2268 638 2301 occurrere
653 2247 732 2301 satis?

143 2327 247 2391 Quosve
263 2326 334 2374 Deos
351 2324 376 2375 in
392 2340 431 2373 me
449 2326 514 2373 bella
528 2341 628 2374 movere
644 2324 755 2391 querar?

107 2400 171 2466 Quae
182 2396 256 2449 modi>
267 2398 327 2448 diua
338 2414 390 2447 mea
401 2395 435 2447 est
446 2430 454 2456 ,
471 2414 541 2464 quam
551 2398 615 2463 coepi
625 2398 689 2448 solus
698 2415 779 2450 amare
790 2432 799 2461 ‚
830 2413 843 2462 5

145 2474 209 2524 Cum
226 2471 306 2521 multis
322 2487 410 2520 vereor
425 2486 456 2519 ne
473 2470 504 2520 sit
519 2471 629 2520 habenda
645 2470 713 2523 milti.
766 2483 770 2489 ’

108 2543 245 2600 Fallimur?
262 2562 293 2595 an
309 2543 394 2594 uostris
409 2543 515 2593 innotuit
530 2543 572 2594 illa
588 2542 699 2595 libellis?

147 2620 188 2670 Sic
205 2630 258 2668 erat
276 2634 283 2669 e
299 2616 397 2684 ingenio
412 2616 515 2683 prostitit
530 2617 571 2666 illa
586 2634 652 2667 meo.

111 2692 143 2745 Et
159 2690 249 2742 meriti>
263 2707 270 2740 τ
286 2691 342 2757 quid
360 2691 423 2739 enim
438 2690 522 2741 formae
535 2692 654 2755 preconia
671 2684 743 2739 ieci?

149 2764 288 2820 Vendibilis
306 2762 376 2828 culpi
391 2762 453 2813 satia
469 2764 550 2830 puella
565 2766 618 2814 mei
636 2762 679 2812 est.
837 2776 871 2812 ιο

111 2839 156 2893 Me
173 2841 285 2895 lenone,
300 2837 380 2901 placet
395 2854 403 2885 ι
420 2836 482 2885 duce
496 2853 554 2893 me,
570 2837 699 2901 perductur
714 2845 828 2885 amatore

149 2912 227 2967 Janua
244 2927 289 2979 per
305 2909 395 2960 nostres
413 2908 446 2958 est
462 2909 577 2975 adaperta
593 2925 686 2960 manus·
