2034 3709
221 238 495 317 Hunorum.
521 236 600 307 ΕΡ.
627 238 710 307 ΙΙΙ.
766 260 819 310 .1r

111 354 180 423 Quin
191 356 264 406 etiam
274 357 335 405 sama
345 355 379 405 esi
389 390 397 413 ,
409 354 463 406 crirn
472 355 570 407 crastina
581 358 674 425 fulserit
682 358 732 409 Eos
742 391 751 417 ,

147 430 187 479 Te
202 429 261 480 dare
274 430 389 480 nubiferis
403 431 467 479 linea
480 431 536 480 velt
548 432 623 483 notis.

111 503 190 568 Quod
199 502 277 554 scelus
288 515 315 552 ur
325 503 422 568 pavidas
432 504 522 553 miserae
532 505 589 553 mihi
600 505 704 572 contigit
715 520 786 555 aures
796 536 804 565 ,

148 576 277 643 Sanguinis
286 589 359 641 atque
367 576 440 625 animi
451 577 533 641 pestus
544 578 613 629 inane
624 579 678 628 suit.
835 574 870 627 60

110 648 159 700 lbis
171 664 178 700 :
188 648 241 699 8ιό
251 649 375 708 ,miseram
387 649 393 698 l
405 651 445 699 cui
456 667 509 709 me,
519 651 645 708 violente,
655 651 776 717 relinques
787 649 797 702 ἓ

148 722 213 787 Quis
226 722 285 773 mihi
297 723 398 774 desertae
408 724 467 773 mite
480 725 590 773 levamen
603 722 668 773 erit?

110 796 230 847 Devorer
239 809 314 855 ante,
326 813 414 862 precor
423 830 432 855 ,
441 796 520 847 subito
531 798 624 847 telluris
635 797 717 857 hiatu,

92 894 98 901 ·
147 870 200 920 Aut
211 870 287 919 rutilo
297 870 363 919 missi
374 870 479 920 fulminis
488 871 545 938 igne
556 888 668 929 crenrer;

110 942 192 1006 Quam
201 943 255 993 sine
265 942 407 1003 mePhthiis
417 944 545 994 canescant
555 961 652 1011 aequora
662 943 748 1003 remis,
833 940 867 1007 65

148 1017 180 1066 Et
191 1015 288 1066 videam
301 1033 394 1083 puppes
408 1017 444 1067 ire
456 1018 538 1067 relista
552 1030 616 1069 tuas.

110 1090 137 1140 si
151 1090 195 1139 tibi
208 1089 256 1156 jam
270 1090 408 1155 reditusque
422 1092 538 1155 placent,
554 1092 672 1157 patriique
684 1102 802 1157 penates3

147 1163 207 1213 Non
222 1180 272 1231 ego
286 1163 335 1212 sum
347 1165 417 1213 classi
430 1164 519 1213 sarcina
531 1182 616 1233 magna
631 1178 688 1215 tuae.

110 1234 238 1290 vitiorem
251 1238 348 1302 captiva
361 1236 459 1303 sequar,
470 1254 520 1287 non
532 1250 607 1304 nupta
620 1238 747 1288 maritum:

148 1309 188 1359 Est
200 1310 259 1360 mihi
269 1343 277 1368 ,
288 1328 341 1376 quae
351 1311 416 1360 lanas
428 1312 538 1369 molliat,
553 1324 712 1378 apramonus.
835 1314 870 1364 7ο

109 1383 179 1435 luter
192 1382 332 1433 Acbaiadas
345 1385 419 1451 longe
432 1385 593 1449 pulcherrima
606 1398 694 1435 nutres

148 1457 176 1505 ln
185 1458 306 1507 thalamos
316 1456 406 1522 conjux
415 1458 460 1507 ibit
470 1456 576 1525 (eatque
586 1459 597 1525 )
608 1472 675 1509 tuos.

112 1529 193 1597 Digna
202 1547 278 1581 nurus
288 1530 373 1581 socero
387 1530 403 1582 J
405 1532 458 1581 ovis
470 1530 614 1599 AEginaeque
625 1542 732 1598 nepote;

148 1602 247 1669 Cuique
258 1603 332 1654 senex
341 1605 437 1655 Nereus
446 1606 562 1670 prosocer
572 1604 618 1655 elle
628 1607 698 1656 velit.

110 1678 164 1727 Nos
174 1677 290 1736 humiles,
300 1677 444 1744 famulaque
453 1691 520 1739 tuae,
532 1680 585 1729 data
598 1679 668 1743 pensa
677 1678 799 1729 trahemus
810 1691 819 1737 ς
831 1689 864 1741 75

148 1750 181 1799 Et
189 1751 299 1801 minuent
307 1752 390 1816 plenas
400 1752 495 1801 stamina
505 1750 584 1803 nostra
595 1754 673 1803 colos.

112 1824 227 1891 Exagitet
240 1840 272 1873 ne
286 1841 325 1874 me
338 1822 431 1875 tannim
442 1839 502 1884 tua,
518 1826 653 1892 deprecor,
668 1842 747 1883 uxor,

149 1897 214 1961 Quae
228 1897 286 1947 mihi
300 1897 381 1947 neseio
393 1916 442 1964 quo
456 1916 505 1949 non
523 1901 570 1949 erit
582 1916 649 1965 aequa
664 1900 747 1951 modo.

49 1998 57 2013 =
113 1972 185 2020 Neve
198 1988 267 2021 meos
280 1987 360 2021 coram
372 1973 445 2022 scindi
458 1973 550 2037 patiare
568 1974 666 2037 capillos
677 1990 685 2030 ;

23 2091 24 2110 q
149 2045 183 2095 Et
198 2046 287 2095 leviter
301 2044 365 2096 dicas
380 2061 389 2096 t
405 2045 465 2095 Haec
480 2062 580 2112 quoque
593 2046 671 2095 nostra
685 2044 740 2096 fuit.
834 2040 869 2095 80

23 2121 24 2168 l
112 2119 163 2171 Vel
176 2119 267 2184 patiare
280 2118 339 2168 licet
351 2152 359 2177 ,
371 2119 426 2168 dum
439 2136 470 2168 ne
483 2132 607 2169 contemta
621 2120 749 2184 relinquar.

149 2191 198 2241 Hic
210 2192 285 2251 mibi,
298 2210 336 2242 νε
350 2192 459 2242 miserae!
476 2194 586 2243 concutit
600 2192 647 2243 offa
661 2205 761 2243 tremor.

115 2264 182 2329 Quid
193 2278 276 2316 tamen
285 2266 407 2331 exspeslas
419 2264 430 2313 ἓ
441 2266 621 2333 Agamemnona
632 2268 735 2335 poenitet
745 2267 806 2327 ite„

150 2339 184 2389 Et
195 2338 262 2406 jacet
278 2353 334 2388 ante
349 2351 406 2389 tuos
424 2340 521 2389 Graecia
534 2340 614 2390 maesta
627 2342 711 2407 pedes.

114 2412 195 2471 Vince
208 2413 302 2463 animos
314 2413 421 2479 iramque
435 2426 518 2471 tunm,
533 2415 574 2479 qui
587 2426 669 2463 cetera
683 2413 768 2465 vincis.
834 2419 866 2483 85

151 2485 219 2549 Quid
229 2488 321 2536 lacerat
335 2486 432 2537 Danaas
445 2487 546 2553 impiger
561 2486 652 2548 Hestor
663 2486 743 2555 opes?

116 2558 188 2611 arma
201 2576 280 2625 cape,
293 2556 411 2617 AEacida,
426 2559 467 2609 sed
481 2576 519 2609 me
538 2573 618 2610 tamen
631 2574 688 2611 ante
703 2573 801 2629 recepta
813 2577 823 2619 ;

152 2633 184 2682 Et
198 2649 282 2699 preme
295 2634 424 2692 turbatos,
439 2632 520 2683 Marte
535 2634 651 2693 favente,
666 2636 742 2685 viros.

117 2704 220 2771 Propter
230 2723 270 2757 me
283 2718 348 2756 mota
361 2705 410 2764 est,
422 2720 523 2775 propter
537 2724 575 2757 me
591 2708 683 2758 desinat
695 2710 750 2765 ira;

152 2780 249 2846 Simque
260 2796 308 2848 ego
322 2778 421 2831 tristitias
435 2780 503 2830 causa
516 2780 646 2846 modusque
661 2793 719 2832 tuae.
835 2789 870 2841 90

117 2852 169 2906 Nec
182 2854 225 2905 tibi
239 2867 310 2919 turpe
324 2867 382 2915 puta
392 2854 503 2919 precibus
518 2856 671 2905 succumbere
682 2854 784 2904 nostris:

153 2926 274 2998 conjugis
286 2927 385 2980 OEnides
399 2927 481 2981 versus
494 2929 520 2981 in
535 2944 599 2981 arma
613 2944 687 3051 preqe
702 2927 745 3011 eli.

690 3014 715 3068 Vl
