2034 3709
137 255 300 323 Linurt
326 252 409 321 III.
434 254 631 326 Erum
656 259 686 327 Ι.
705 231 794 356 ¹171

83 370 192 422 Materni
206 372 295 438 premis
311 371 455 439 ingenium:
473 390 533 424 cane
549 374 610 425 fasta
626 378 751 431 virorum:
806 400 821 433 2
826 397 839 447 5

121 444 186 495 Haec
203 446 300 504 auimo,
318 446 400 505 dices,
417 464 470 497 area
487 448 559 517 digna
573 466 628 501 meo
643 452 685 503 eu

85 518 162 583 Quod
179 531 273 569 tenerae
289 532 405 580 cantent,
423 520 480 572 lusit
493 532 537 573 tua
553 523 643 583 Musa,
660 528 768 592 puellm

121 591 250 659 Primaque
265 609 310 659 pet
327 609 439 644 numeros
453 594 506 645 aaa
522 595 623 662 juventa
639 596 704 650 suos.

84 666 158 715 Nunc
173 666 275 717 habeam
292 680 377 732 perte
393 666 501 719 Romana
515 669 646 739 Tragoedia
660 690 768 727 nomen:

121 740 238 805 Implebit
254 740 322 807 leges
338 740 431 807 spiritus
448 740 489 793 ilie
506 760 581 795 meet.
806 760 846 815 30·

83 810 208 863 Hebenus
225 830 232 863 t
248 813 274 864 δι
289 815 386 875 movit,
406 814 474 881 p'u‘tis
490 814 571 867 innixa
586 817 731 885 cothurnis,

119 885 231 936 Densum
248 886 342 937 caeiarie
359 901 445 954 terque
461 902 595 957 quaterque
612 907 695 961 caput.

84 959 189 1019 Altera,
208 961 228 1010 si
245 960 357 1020 memini,
374 962 435 1015 linui
451 962 546 1015 subrisit
560 969 666 1019 ocellis:

120 1034 222 1091 Fallur,
242 1051 272 1083 an
287 1035 311 1083 in
327 1034 412 1087 dentre
429 1050 523 1104 myrtea
539 1039 607 1105 virga
624 1040 695 1092 fuit?
822 1097 824 1102 ,

85 1104 152 1170 Quid
167 1108 278 1175 gravibus
293 1108 391 1168 verbis,
411 1110 516 1159 animosa
529 1110 678 1179 Tragoedia,
696 1112 773 1173 dixit,
806 1129 818 1179 3
826 1127 845 1179 ς’

120 1180 166 1230 Me
181 1179 292 1248 premis?
310 1196 340 1230 an
355 1198 483 1249 numquam
498 1200 548 1233 non
563 1187 641 1251 gravis
656 1185 703 1237 efl‘e
718 1187 812 1254 potes?

83 1253 215 1321 Imparibus
233 1268 313 1305 tamen
332 1270 357 1305 es
374 1258 479 1307 numetis
496 1256 593 1323 dignata
609 1261 721 1323 moveri:
774 1313 780 1324 ,

120 1327 149 1377 in
163 1345 203 1379 me
219 1328 326 1396 pugnasti
342 1330 453 1379 versibus
469 1330 510 1380 usa
525 1332 595 1381 meis.

83 1401 142 1451 Non
159 1418 207 1469 ego
224 1402 368 1452 contulerim
385 1402 491 1453 sublimia
508 1405 611 1455 carmina
625 1404 730 1459 nostris:

120 1474 213 1525 Obruit
228 1476 326 1543 exiguas
343 1476 410 1543 regia
423 1476 501 1527 vestra
517 1478 593 1529 fores.
803 1497 839 1545 40

82 1548 139 1599 Sum
150 1549 213 1599 levis
226 1565 233 1599 τ
247 1550 272 1599 bc
283 1566 376 1599 mecum
387 1550 447 1600 levis
459 1550 510 1610 est,
524 1568 578 1602 mea
587 1569 661 1614 curn,
677 1553 774 1621 Cupido
786 1571 796 1608 ι

117 1622 178 1671 Non
196 1622 244 1671 sum
261 1622 361 1671 materii
376 1622 463 1673 fortior
480 1625 528 1690 ipsa
545 1624 606 1674 mei.
820 1619 826 1624 ’

81 1695 177 1746 Rustica
196 1694 223 1745 fit
239 1697 290 1745 sine
306 1713 345 1745 me
363 1696 444 1747 lascivi
458 1710 535 1748 mater
553 1700 670 1750 Amoris:

118 1769 185 1819 Huic
202 1786 250 1837 ego
266 1768 368 1836 proveni
384 1770 439 1822 lena
455 1787 587 1838 comesque
603 1772 676 1823 Deae.

81 1840 162 1907 Quam
177 1853 204 1893 tu
221 1860 270 1895 non
285 1843 378 1910 poteris
394 1844 455 1895 duro
472 1844 579 1895 reserare
591 1847 739 1906 cothurno,
803 1863 837 1911 45

19 1928 20 1931 ’
118 1916 180 1967 Haec
198 1914 232 1966 est
246 1915 367 1966 blanditiis
383 1915 455 1984 janua
471 1918 525 1967 laxa
541 1919 612 1968 meis.

82 1990 113 2040 iit
130 2002 213 2040 tamen
231 1990 323 2041 emerui
341 1990 413 2055 plus,
434 1993 502 2057 quim
518 2004 564 2049 tu,
580 1990 666 2057 polle,
682 1991 786 2044 ferendo

116 2064 218 2123 Multa,
236 2062 365 2129 supercilio
382 2081 431 2114 non
446 2064 560 2131 patienda
576 2078 630 2114 tuo.

81 2136 128 2188 Pet
144 2154 185 2187 me
202 2137 308 2203 decepto
326 2136 408 2187 didicit
426 2137 525 2188 custode
542 2138 649 2188 Corinna

118 2211 219 2261 Liminis
235 2210 320 2261 astriui
337 2210 457 2263 solicitate
474 2210 567 2270 fidem;
808 2227 841 2276 50

82 2284 222 2351 Delabique
238 2295 313 2343 toro,
332 2284 414 2335 tunici
429 2286 511 2335 velata
524 2282 649 2344 recincii3

120 2357 203 2426 Atque
221 2356 375 2424 impercuffos
394 2358 464 2409 noue
482 2374 583 2409 movere
601 2359 687 2424 pedes.

83 2433 134 2487 Vel
150 2432 248 2499 quoties
265 2430 356 2482 foribus
374 2432 440 2482 duris
454 2431 527 2481 incisa
544 2432 669 2499 pependi,

119 2506 143 2555 N
146 2523 179 2555 on
194 2504 274 2556 verita
288 2523 302 2554 a
317 2506 410 2571 populo
424 2517 589 2573 pretereunte
605 2506 654 2574 legi
666 2503 673 2555 !

85 2577 152 2643 Quin
169 2594 217 2647 ego
234 2595 271 2629 me
286 2580 402 2637 memini,
421 2580 476 2629 dum
492 2578 570 2629 custos
586 2578 661 2630 saevus
677 2576 773 2637 abiret,
805 2591 837 2643 55

120 2651 224 2702 Ancillae
241 2650 328 2702 miffam
343 2652 458 2703 delituisse
475 2653 540 2702 sinu.

85 2724 172 2789 Quid?
191 2722 246 2775 etim
260 2742 299 2775 me
315 2742 400 2777 munus
415 2726 489 2776 natali
505 2726 580 2777 mittis
595 2742 602 2777 τ
618 2723 696 2776 atille

120 2798 239 2865 Rumpit,
262 2799 288 2850 ὅ(
304 2800 414 2865 appositi
430 2802 531 2851 barbara
548 2800 631 2849 mersit
647 2792 729 2864 aqui?

85 2870 162 2921 Prima
176 2886 226 2923 tuae
244 2873 309 2921 movi
325 2872 404 2923 felicia
421 2874 507 2924 semina
525 2874 630 2924 mentis:

120 2946 212 2998 Munus
225 2946 318 3002 habet,
337 2948 402 3014 quod
417 2959 442 2999 te
458 2946 506 3017 jam
522 2947 604 3015 petit,
621 2944 662 2995 ista
676 2958 765 2993 meum.
804 2939 839 2991 60

692 3034 747 3103 nrj
