2034 3709
132 251 290 322 Lissa
317 234 598 320 HL‘Errorr
623 251 689 322 VI.
722 250 790 322 181

9 358 11 415 ῗ
74 370 133 421 Ter
150 371 234 439 molita
249 371 330 437 sugant
342 403 357 429 ,,
369 381 408 421 ter
425 371 454 421 ad
469 373 531 421 altas
546 370 631 421 restitit
646 370 743 431 undas,

117 444 241 494 Currendi
257 444 324 494 vires
340 446 458 511 eripiente
475 457 551 495 metu.
591 441 594 447 ⁴
803 458 839 510 70

79 517 141 567 Sera
157 532 240 567 tamen
257 517 367 568 scindens
383 518 479 568 inimico
494 519 585 585 pollice
601 518 712 578 crinem,

118 590 201 642 Edidit
217 591 329 657 indignos
348 607 390 641 ore
407 604 527 641 tremente
545 591 638 641 sonos:

19 680 21 685 ·
81 664 107 715 O
127 662 133 712 !
153 665 244 714 utinam
257 681 311 715 mea
327 664 388 714 lella
404 664 505 722 forent,
525 665 652 731 patrioque
669 662 780 729 sepulcro

121 736 247 803 Condita,
266 738 322 787 dum
337 751 450 805 poterant
464 738 562 806 virginis
578 737 625 787 ossa
641 735 711 805 legi!

83 810 136 861 Cur
153 809 228 863 modo
242 810 348 862 Vestalis
363 812 439 863 taedas
454 811 544 861 invitor
560 811 591 859 ad
606 812 668 861 ullas
805 822 838 874 75

118 884 230 951 Turpis,
250 884 276 934 ὅ(
294 885 372 935 Iliacis
388 882 514 935 inficianda
531 882 616 934 focis?

83 956 151 1021 Quid
168 956 275 1007 morosi
296 974 328 1007 en
343 957 422 1025 digitis
440 958 555 1025 designor
572 957 682 1007 adultera
697 956 777 1024 attigi.

120 1031 196 1081 Desit
213 1030 336 1089 famosus,
357 1031 397 1097 qui
414 1044 485 1081 notet
499 1048 561 1089 ora,
581 1032 668 1097 pudor.

83 1102 229 1162 Hesternum
246 1105 272 1155 ἃ
285 1104 374 1155 veliem
390 1104 485 1157 tumidis
500 1104 629 1179 praetendit
643 1102 727 1153 ocellis
740 1117 750 1153 s

121 1178 203 1243 Atque
219 1179 253 1227 ita
269 1177 292 1227 se
308 1179 332 1227 in
349 1178 442 1245 rapidas
458 1178 554 1244 perdita
569 1176 634 1225 misit
649 1192 731 1241 aquas.
805 1172 840 1225 80

85 1250 238 1316 Supposuisse
252 1268 335 1301 manus
350 1251 380 1301 ad
396 1251 494 1318 peilora
511 1249 617 1300 lubricus
632 1249 708 1299 amnis

120 1325 238 1383 Dicitur3
255 1325 281 1375 ἃ
298 1324 355 1374 socii
371 1323 425 1390 jura
438 1323 529 1373 'dedisse
546 1323 604 1373 tori.

85 1397 127 1448 Te.
142 1414 240 1465 quoque
257 1398 372 1447 credibile
390 1397 423 1446 est
439 1396 519 1463 aliqui
537 1394 631 1446 caluisse
650 1393 752 1461 puelld;

121 1471 170 1521 Sed
187 1487 287 1521 nemora
305 1471 331 1521 δι
348 1471 416 1521 silvae
435 1471 533 1521 crimina
547 1470 625 1519 velita
639 1482 735 1536 tegunt.

86 1544 151 1595 Dum
167 1546 277 1611 loquor,
295 1544 398 1594 increvit
414 1543 471 1594 latis
487 1541 618 1609 spatiosids‘
629 1544 720 1600 undis,
806 1537 839 1604 85

122 1620 176 1667 Nec
195 1618 259 1683 capit
274 1615 380 1667 admissas
399 1618 483 1667 alveus
498 1618 562 1665 altus
578 1632 661 1682 aquas.
708 1658 712 1665 .

88 1690 154 1756 Quid
172 1708 287 1750 mecum,
307 1689 415 1747 furiose,
435 1686 500 1739 tibi?
520 1690 577 1755 quid
594 1700 676 1739 mutua
693 1685 776 1737 differs

124 1762 243 1817 Gaudia?
262 1763 320 1830 quid
337 1775 461 1829 coeptum,
483 1761 589 1821 rullice,
607 1762 698 1827 rumpis
713 1758 783 1811 iter?

88 1834 173 1901 Quid,
193 1838 214 1888 si
230 1838 363 1906 legitimum
378 1835 486 1893 flueret,
504 1836 524 1886 si
541 1836 623 1885 nobile
640 1832 752 1885 flumen?

115 1912 149 1971 ,st
165 1911 209 1961 tibi
223 1927 267 1977 per
283 1921 360 1961 testas
377 1908 480 1959 maxima
495 1908 558 1957 sama
573 1906 661 1958 soret?
806 1915 843 1971 9ο

88 1983 185 2037 Nomen
200 1985 275 2033 babes
292 1984 401 2041 nullum,
421 1982 481 2032 rivis
499 1980 603 2031 collesle
618 1978 738 2029 caducis:

123 2059 179 2107 Nec
194 2058 236 2107 tibi
254 2057 307 2107 sunt
323 2056 423 2113 sontes.
443 2071 489 2105 nec
504 2055 549 2104 tibi
565 2064 634 2103 certa
648 2052 744 2103 domus.

86 2130 173 2183 Fontis
190 2132 265 2180 habes
282 2128 351 2179 instar
367 2127 522 2195 pluviamque
536 2126 653 2192 nivesque
670 2126 781 2183 solutas3

125 2204 195 2269 Quas
210 2205 256 2254 tibi
270 2202 364 2253 divitias
377 2195 575 2269 pigra'rninilirat
591 2200 677 2249 hiems.

88 2274 140 2328 Aut
155 2279 289 2328 lutulentus
306 2276 355 2345 agis
371 2276 472 2326 brumali
487 2287 599 2341 ternpore
614 2272 717 2323 cursus:
810 2280 845 2335 95

125 2350 176 2401 Aut
190 2350 279 2417 premis
295 2362 405 2399 arentem
419 2350 604 2415 pulverulentus
620 2347 730 2402 humum.

89 2423 152 2489 Quis
167 2437 193 2474 te
208 2436 261 2475 tum
278 2423 358 2489 potuit
375 2422 458 2473 sitiens
473 2421 570 2471 haurite
585 2418 691 2470 viator?

126 2496 188 2562 Quis
204 2496 272 2565 gratia
286 2496 345 2547 dixit
360 2512 444 2553 voce,
464 2493 580 2543 Perennis
596 2490 661 2544 eas?

88 2572 225 2625 Damnosus
242 2569 327 2637 pecori
342 2570 438 2626 curris,
458 2567 595 2617 damnosior
610 2564 685 2634 agris.

127 2646 239 2695 Forsitan
256 2644 309 2693 haes
324 2644 405 2701 alios;
423 2657 462 2690 me
478 2656 533 2690 snea
548 2640 631 2689 damna
647 2648 758 2690 movent.
816 2647 869 2688 100

89 2718 153 2769 Huic
163 2734 232 2785 ego,
252 2734 290 2766 νε
304 2716 311 2765 l
326 2716 424 2765 demens
438 2715 561 2764 narrabam
571 2712 696 2763 fluminum
705 2724 811 2761 amoses.

125 2790 225 2850 ,inflasse
242 2790 342 2857 indigno
360 2788 455 2839 nomina
472 2799 540 2838 tanta
555 2787 642 2854 pudet.

90 2866 178 2919 Nescio
190 2864 249 2929 quid
261 2863 366 2928 spedans
379 2895 386 2920 ‚
404 2861 535 2911 Acheloon
547 2860 572 2910 δι
584 2859 693 2909 Inachon
702 2872 806 2918 amnes,
829 2892 832 2896 »
906 2902 913 2915 ,

117 2940 154 2994 Ἐῑ
170 2937 244 3009 potui
261 2952 370 2997 nomeu,
387 2935 463 2996 Nile,
480 2933 572 2985 referre
589 2944 669 2984 tuum.
