2034 3709
158 202 458 275 Hrnornrs.
485 206 566 275 Er.
590 207 651 278 VI.
723 228 775 305 27

60 324 131 377 Nunc
141 324 218 377 eriam
225 323 311 390 peperi
322 339 330 373 ε
341 336 437 391 gratare
444 325 577 384 ambobus,
590 326 677 379 lason:
688 383 692 391 ,

96 400 179 448 D'ulce
198 398 257 449 mihi
273 397 378 465 gravidae
392 397 486 447 fecerat
500 399 584 450 autlor
600 418 672 451 onus.
788 414 840 453 120

62 471 130 523 Felix
138 473 165 521 in
174 488 278 521 nurnero
290 486 387 537 quoque
396 469 464 528 lum
475 474 618 539 prolemque
629 474 757 542 gemellam

95 545 202 615 Pignora
217 545 309 594 Lucini
319 544 374 593 bina
390 543 490 594 favente
508 545 574 595 dedi.

61 618 85 670 si
95 618 183 684 quaeris
194 650 203 677 ‚
219 618 260 667 cui
266 618 315 667 siat
328 617 417 668 similes
426 634 436 675 ς
446 618 600 685 cognosceris
610 619 666 672 illis.

96 692 192 743 Fallere
206 708 258 741 non
272 703 378 740 norunt:
392 692 665 757 ceterapatriehabent.

63 766 159 833 legatis
175 782 239 832 quos
253 780 324 831 paene
331 764 389 813 dedi
402 781 448 830 pro
461 778 539 815 matre
555 766 692 819 ferendost
786 786 820 828 υ
825 789 839 841 5

96 840 147 889 Sed
159 838 242 890 tenuit
256 851 348 903 coeptas
364 838 426 889 leva
438 854 545 888 noverca
560 840 622 891 vias.

62 910 177 963 Mediam
193 912 265 963 timui
281 914 357 977 :plus
373 911 628 964 eilMedeanoverci.

94 986 196 1037 Medea,-
205 986 299 1037 faciunt
308 986 340 1035 ad
350 984 427 1035 scelus
436 1002 509 1035 omne
518 1002 610 1037 manus.

61 1059 181 1128 Spargere
191 1077 246 1126 quae
259 1059 339 1109 fratris
351 1059 431 1124 potuit
442 1060 530 1108 laniata
543 1077 588 1125 per
602 1076 674 1129 agros

94 1132 228 1201 Corpora,
242 1132 385 1200 pignoribus
398 1145 512 1197 parceret
527 1132 566 1181 illa
581 1130 664 1182 meis?
782 1156 839 1211 ¹3⁰

61 1205 129 1256 Hanc
139 1220 241 1265 tamen,
252 1204 269 1256 ὃ
279 1206 377 1255 denrens
387 1238 395 1262 ‚
407 1204 553 1273 Colchisque
565 1208 644 1260 ablate
655 1204 772 1267 venenis.

93 1280 192 1331 Diceris
202 1277 344 1347 llypiipylae
352 1278 502 1345 preposuiile
513 1293 580 1329 toro.

60 1350 174 1419 Turpiter
188 1354 232 1403 illa
243 1353 322 1403 virum
330 1352 564 1419 cognovitadulterr
574 1353 662 1421 virgo:

93 1427 139 1476 Me
153 1426 220 1485 ribi,
238 1438 313 1492 teque
330 1426 390 1475 mihi
399 1426 463 1474 taeda
479 1426 566 1491 pudica
581 1428 657 1477 dedit.

61 1495 168 1551 Prodidit
177 1500 221 1549 illa
229 1512 337 1564 patrem,
347 1500 416 1565 rapui
426 1499 458 1548 de
466 1500 535 1549 caede
544 1500 677 1553 Thoanta:
782 1522 837 1577 135

92 1574 213 1623 Deseruit
223 1573 351 1631 Colchos,
365 1588 404 1622 me
417 1589 472 1621 mea
487 1572 594 1623 lemnos
605 1574 690 1626 habet.

60 1646 125 1713 Quid
143 1648 237 1705 refert,
247 1646 366 1697 scelerata
376 1646 470 1712 pirmsi
480 1646 575 1704 vincit,
593 1647 619 1697 dt
636 1647 689 1714 ipso

94 1721 203 1773 Crimine
213 1721 297 1770 dotata
306 1718 358 1787 eil,
374 1718 525 1785 emeruitque
535 1721 613 1769 virum
626 1718 637 1767 l

59 1794 216 1844 Lemniadum
233 1791 325 1844 facinus
340 1794 430 1859 culpo,
446 1809 496 1842 non
508 1794 604 1852 miror,
619 1793 697 1845 lason.

93 1869 238 1935 Quamlibet
249 1867 315 1916 iratis
330 1865 380 1933 ipse
397 1866 438 1917 dat
448 1883 513 1915 arma
530 1867 610 1915 dolor.
782 1881 835 1931 ¹4⁰

60 1942 107 1993 Dic
115 1960 180 2011 age,
196 1941 219 1992 si
233 1941 332 1999 ventis,
349 1952 378 1989 ut
391 1940 517 2005 oportuit,
533 1940 598 1990 allus
612 1939 698 2006 iniquis

92 2015 204 2067 lntraffes
214 2026 317 2081 portus,
330 2024 406 2080 tuque
415 2013 543 2079 comesque
552 2047 561 2072 ,
571 2028 640 2065 meos
650 2030 659 2064 s

61 2091 186 2156 Obviaque
201 2086 314 2143 eriisem,
330 2086 384 2137 iem
400 2087 512 2135 comitata
528 2088 651 2154 gemello:

94 2162 216 2229 (Hiscere
228 2177 317 2226 nempe
328 2160 372 2210 tibi
384 2172 450 2209 terra
457 2162 565 2227 roganda
574 2160 660 2227 foret)

61 2237 116 2303 Quo
131 2238 203 2287 vultu
221 2245 312 2291 natos,
324 2250 374 2300 quo
389 2250 446 2292 me,
461 2233 595 2292 scelerate,
612 2232 733 2285 rideres?
781 2249 832 2303 145

95 2310 204 2362 Perfidiae
220 2308 323 2374 pretio,
343 2324 390 2373 qna
402 2323 466 2357 nece
482 2307 568 2373 dignus
581 2322 634 2355 eras
647 2304 658 2355 l

60 2386 110 2454 lple
128 2383 229 2452 quidem
242 2398 288 2447 per
304 2397 344 2430 me
360 2392 427 2431 tutus
445 2379 573 2446 sospesque
590 2378 695 2433 futffesr

94 2460 150 2508 Non
166 2457 223 2524 quia
236 2466 266 2505 tn
285 2454 386 2521 dignus,
400 2453 442 2502 sed
453 2454 508 2519 quia
524 2453 587 2503 mitis
600 2469 659 2521 ego.

61 2532 152 2584 l’ellicis
163 2530 213 2597 ipsa
223 2544 295 2578 meos
310 2526 439 2593 implessem
452 2527 565 2593 sanguine
578 2528 683 2588 vultus,

95 2605 208 2671 Quosque
223 2599 352 2653 veneficiis
365 2598 458 2650 abstulit
471 2601 513 2649 illa
532 2600 586 2650 suis.
778 2610 832 2663 ¹50

63 2679 154 2733 Media
167 2672 450 2739 terrentemque
462 2674 483 2723 si
496 2674 593 2741 quidab
606 2675 657 2727 alto

95 2752 166 2803 iustus
183 2753 244 2801 ades
258 2750 342 2807 votis,
358 2747 485 2813 luppiter,
498 2748 549 2813 ipse
562 2747 637 2807 meis3

64 2824 129 2891 Quod
140 2826 213 2896 gemit
224 2820 386 2893 Hypsipylej
397 2821 454 2871 lelli
467 2839 570 2889 quoque.
576 2822 681 2872 subnuba
694 2816 767 2873 nostri

92 2900 203 2961 Marcet.
220 2900 248 2954 δι
264 2900 340 2966 leges
352 2894 443 2971 landet
456 2895 507 2964 ipe
522 2896 582 2948 suas.
597 2964 647 3037 nii
