2034 3709
140 272 306 339 Lmn
333 269 365 340 1.
390 271 586 340 Eram
613 273 682 344 IV.
712 295 782 373 ¹23

97 403 752 478 ς-..Ετ--ηᾭὲ-Ξ-ω--ι

243 544 270 607 E
290 546 316 608 L
337 546 362 609 E
384 545 450 613 Gl
469 545 500 608 A
541 546 556 608 l
577 550 619 614 V.

111 638 136 671 ,μ

68 639 128 753 'V
138 717 150 753 1
159 717 180 753 ιι
198 716 256 756 tuus
269 703 304 755 ed
319 706 403 774 epulas
417 705 542 759 nobiseum
559 706 666 762 aditurus
683 709 791 762 easdem.

103 776 200 827 Ultima
217 794 278 829 cena
293 792 337 831 tuo
351 781 400 839 sit,
419 796 527 848 precor,
545 779 584 831 ista
599 781 663 835 viro.

69 848 134 916 Ergo
152 867 202 918 ego
218 851 328 903 dneeam
343 853 435 906 tannim
451 851 554 905 conviva
568 857 673 921 puellam

102 922 249 989 Aspiciam?
266 927 332 996 tangi
349 943 420 994 quern
437 927 610 994 juvet,a1ter
628 930 700 981 erit'

63 995 261 1064 Alteriusque'
241 1015 307 1052 sanus
325 998 382 1089 apte
397 998 501 1068 subjedta
519 1002 638 1054 fovebis?
792 1018 808 1071 ς

105 1069 206 1136 injiciet
219 1075 304 1130 tollo,
322 1073 376 1124 crim
390 1075 480 1134 volet,
495 1075 538 1125 ille
555 1074 672 1126 manum?

70 1141 164 1194 Desine
180 1145 279 1204 mirari,
295 1148 379 1214 posito
395 1147 461 1214 qnod
478 1147 619 1198 candida
596 1165 654 1199 vino

105 1217 203 1269 Atracis
220 1221 344 1288 ambiguos
360 1223 434 1272 traxit
449 1223 474 1272 in
489 1239 553 1270 arnna
567 1222 646 1272 viros.

70 1289 122 1338 Nec
133 1292 193 1342 mihi
203 1293 263 1343 silva
274 1295 377 1352 domus,
391 1310 437 1345 nec
448 1311 513 1361 equo
523 1311 577 1344 mea
588 1296 694 1345 membra
703 1294 843 1349 coherente

106 1365 156 1415 Vix
172 1383 185 1415 a
199 1377 225 1415 te
241 1367 328 1418 videor
342 1367 408 1435 polle
422 1382 509 1419 tenere
524 1385 616 1420 manus.
795 1385 826 1420 ιο

71 1434 133 1499 Quae
143 1438 217 1488 nbr
197 1454 246 1491 sint
255 1441 365 1493 facienda
375 1455 474 1500 tamen
492 1442 632 1510 cognosce.
644 1459 690 1493 nec
701 1443 771 1494 Euris

105 1511 146 1560 Da
161 1528 235 1572 mea,
253 1529 299 1564 nec
316 1504 403 1580 tepidis
417 1516 492 1569 verba
500 1515 608 1565 ferenda
623 1517 705 1566 Notis.

71 1581 135 1634 Ante
150 1587 226 1645 veni,
245 1591 315 1653 quam
330 1589 389 1639 vir.
406 1604 470 1647 nec,
490 1583 564 1654 t'prid,
584 1589 604 1639 si
617 1590 713 1639 veneris
728 1601 806 1649 ante,

105 1656 186 1710 Possit
198 1661 256 1728 agi,
274 1661 371 1712 video:
390 1662 431 1712 sed
446 1673 528 1712 tamen
544 1675 600 1712 ante
616 1663 683 1712 veni.

73 1727 133 1779 Cum
142 1746 238 1798 premet
248 1733 290 1784 ille
300 1746 398 1793 torum,
411 1737 482 1786 vultu
493 1751 575 1785 comes
586 1735 634 1801 ipsa
643 1733 751 1786 modesto
792 1749 802 1786 ι
809 1751 822 1800 5

83 1805 171 1864 ibis,
189 1819 217 1856 ut
232 1810 379 1867 accumbas,
397 1810 458 1858 clam
473 1809 531 1859 mihi
546 1821 619 1877 tange
636 1809 733 1874 pedem.
804 1840 810 1854 ·

72 1877 113 1928 Me
125 1878 221 1944 spetla,
239 1893 359 1949 nutusque
369 1898 457 1941 meos,
474 1884 615 1948 vultumque
630 1883 776 1950 loquacem.

105 1953 197 2029 Excipe
214 1953 334 2014 furtivas,
356 1955 461 2007 &refer
476 1953 545 2022 ipsa,
563 1967 643 2005 notas.

73 2027 154 2078 Verba
168 2014 338 2093 superciliis
317 2045 370 2079 stne
386 2045 450 2080 voce
466 2027 591 2096 loquentia
608 2028 706 2080 dicante

19 2128 20 2161 f
105 2101 190 2153 Verba
205 2102 273 2168 leges
289 2101 388 2170 digitis,
404 2103 478 2152 verba
493 2113 578 2152 notata
594 2117 675 2154 mero.
788 2114 824 2152 20

75 2171 136 2222 Cdm
150 2173 196 2224 tibi
211 2175 336 2226 succurret
350 2175 457 2229 Veneris
471 2175 567 2225 lascivia
583 2173 687 2233 nosttae,

106 2246 240 2314 Purpureas
256 2260 345 2299 teneto
360 2249 451 2316 pollice
467 2261 542 2317 tange
557 2263 641 2316 genas.

19 2324 20 2337 ¹
74 2319 96 2371 Si
112 2322 169 2387 quid
184 2322 250 2382 erit,
267 2322 298 2372 de
314 2339 353 2373 me
369 2321 445 2372 taeitd
461 2323 527 2388 quod
543 2335 624 2372 mente
642 2319 770 2388 queraris;

108 2394 215 2446 Pendeat
230 2395 340 2446 extremi
354 2396 434 2447 mollis
450 2398 480 2446 ab
496 2411 555 2446 aure
570 2411 663 2446 manus.

20 2470 21 2509 ἶ
75 2467 132 2518 Cdrn
142 2463 770 2536 tibi,quaefaciam,mealux,dicamve,placebunt3
791 2481 823 2529 25

20 2564 21 2585 ι
106 2542 224 2594 Versetur
241 2541 321 2611 digitis
337 2544 439 2594 annulus
454 2559 532 2610 usque
549 2543 606 2592 tuis.

20 2604 21 2633 ³
72 2617 154 2683 Tange
164 2632 236 2666 manu
246 2617 349 2667 mensam
360 2651 368 2676 ,
385 2633 434 2684 quo
445 2626 547 2684 tangunt
556 2631 626 2665 more
635 2627 764 2681 precantes
775 2647 784 2672 ,

107 2689 209 2755 Optabis
224 2689 313 2740 merito
330 2687 384 2741 edm
399 2691 461 2740 mala
477 2691 551 2740 multa
569 2689 632 2739 viro.

74 2761 145 2827 Quod
158 2763 202 2813 tibi
218 2763 358 2823 miscuerit,
376 2763 470 2830 sapias,
488 2763 554 2813 bibat
568 2761 637 2830 ipse,
654 2760 739 2826 jubeto
751 2773 760 2809 t

106 2835 146 2886 Tu
159 2853 263 2903 puerum
276 2837 364 2888 leviter
378 2838 471 2904 posce,
490 2835 555 2903 quod
570 2835 618 2903 ipsa
635 2835 706 2883 velis.
787 2843 822 2896 30

76 2908 133 2974 Qoae
148 2920 176 2959 tu
190 2910 345 2971 reddideris,
363 2927 410 2980 ego
424 2910 513 2978 primus
529 2911 616 2976 pocula
633 2906 740 2955 firmam:

21 2988 22 3022 1
107 2983 137 3035 Et
151 2983 198 3053 qud
213 2995 243 3036 tu
257 2983 366 3044 bibetis,
383 2985 428 3035 hac
447 2999 495 3052 egO
514 2995 583 3048 Pane
599 2981 702 3100 bibam}
717 3047 731 3060 ,,

716 3067 732 3115 ¹l
