2034 3709
698 145 713 197 a

205 264 281 340 3m
392 245 725 313 Uarenus

203 365 304 415 Iactatu
317 362 414 415 miseras
428 360 506 413 sinivit
521 358 599 411 masta
616 361 748 426 querelas;

240 438 272 487 Et
290 438 355 489 stetit
370 437 394 486 in
413 435 519 487 rabidam
537 434 648 501 protinus
665 433 715 482 asia
733 440 832 484 canem

203 510 320 579 Prodigio
336 510 380 560 tali
395 508 516 576 placidum
531 507 620 557 Thetis
635 505 731 555 abstulit
746 522 851 572 aequor,

159 596 196 647 90
241 582 330 636 AEolus
345 583 431 633 infusis
447 581 605 645 incubuitque
622 579 705 629 Notis.

204 656 327 725 Pervagos
341 656 398 706 binc
413 666 468 705 toto
485 671 536 705 non
550 653 609 703 felix
625 650 724 702 differor
739 654 824 711 otbe3

241 730 291 788 Et,
311 744 463 796 quocumque
478 738 553 782 vocat
568 726 652 777 fluibus
669 725 696 775 δι
710 742 787 785 aura,
805 725 881 777 fetor.
984 796 986 801 Ι

205 804 255 853 Sed
271 804 292 853 si
306 803 415 853 Tiresias
428 814 477 851 tam
488 801 541 851 laeti
556 799 671 865 providus
687 815 786 866 augur,

242 874 322 939 Quim
339 892 414 927 verax
428 887 498 925 vates
512 874 539 923 in
554 874 616 923 mala
633 872 710 921 nostra
731 872 800 928 suit3

160 962 177 1013 9
179 967 193 1015 5
204 949 236 999 Et
252 950 318 999 tetri
333 949 475 1015 &pelago‚
492 945 606 1014 quicquid
622 945 679 993 mibi
689 944 755 995 triste
770 944 893 1004 canebat,

239 1021 355 1072 Emensus
371 1022 422 1071 sato
439 1020 487 1087 jam
503 1020 605 1070 meliore
620 1035 706 1086 vagor.
793 1027 797 1032 '

203 1096 256 1149 Jam
273 1095 332 1147 mihi
349 1095 495 1161 nescioquo
511 1091 624 1143 comitem
640 1092 664 1141 se
675 1092 700 1141 in
713 1090 787 1143 litore
801 1090 880 1159 jungit

240 1166 319 1224 Pallas
331 1202 339 1227 ‚
355 1168 524 1233 &hospitibus
537 1184 581 1233 per
591 1167 646 1216 loca
660 1176 713 1215 tuta
723 1166 809 1215 trahit.

202 1243 276 1291 Nunc
292 1238 396 1309 primiim
411 1240 489 1291 Paliae
505 1240 580 1291 vetsae
596 1238 648 1306 post
664 1240 749 1289 funera
763 1236 849 1305 Trojae

144 1330 194 1365 rto
240 1315 298 1364 Visa
315 1315 373 1372 mihi
388 1329 396 1365 t
412 1314 516 1364 medium
532 1313 648 1379 temporis
663 1311 699 1361 ira
714 1310 781 1384 tulit.

204 1388 329 1455 Quicquid
345 1388 444 1439 Oilidec
458 1386 625 1445 commiserat,
644 1384 754 1437 omnibus
769 1400 836 1435 unus

239 1460 354 1511 Peccavit
372 1478 379 1511 t
397 1460 493 1511 Danais
510 1460 618 1510 omnibus
635 1457 670 1509 ira
687 1474 793 1509 nocens.

142 1588 148 1597 ,
202 1534 257 1585 Nec
271 1545 317 1590 te,
334 1532 451 1601 Tydide,
472 1532 541 1599 cujus
558 1530 631 1583 modb
647 1532 743 1581 foverat
759 1547 847 1591 arma,

239 1606 330 1656 Eximit
349 1622 357 1658 t
375 1619 457 1657 errato
471 1618 499 1657 tu
514 1622 610 1673 quoque
625 1605 655 1653 ab
670 1604 729 1655 orbe
745 1606 824 1655 uenis.
913 1614 917 1625 '

144 1694 192 1742 105
205 1681 264 1730 Non
274 1680 409 1731 Telamone
420 1680 494 1731 satum
506 1678 577 1745 capti
588 1679 619 1729 de
630 1677 734 1747 conjuge
744 1678 886 1729 Teucrum:

239 1754 298 1804 Non
312 1754 405 1819 ipsum,
425 1769 471 1819 pto
487 1768 537 1819 quo
553 1752 620 1802 mille
634 1751 703 1801 suere
718 1764 794 1803 rates.

202 1826 272 1883 Felix
290 1825 453 1885 Plisthenide,
471 1842 623 1893 quacumque
639 1825 664 1875 in
679 1824 743 1875 sorte
760 1824 823 1876 fuisti

239 1898 352 1969 conjuge
371 1917 425 1952 cum
442 1899 497 1952 cara
513 1917 520 1951 :
536 1916 587 1951 non
605 1898 684 1967 gravis
700 1898 741 1949 illa
757 1898 815 1949 suit.

204 1972 254 2023 Seu
270 1975 338 2025 venti
354 1973 437 2026 secere
453 1990 551 2032 moras,
571 1972 622 2023 sive
639 1988 736 2040 aequora
749 1971 842 2031 vobin

144 2058 194 2095 110
241 2045 280 2097 Aa
296 2046 362 2097 nulla
376 2046 410 2098 est
425 2046 506 2102 vestet
521 2047 605 2101 damna
620 2058 730 2097 retentus
746 2061 824 2103 amor.

205 2118 296 2170 Oscula
313 2135 361 2169 nec
374 2120 443 2169 tenti
460 2118 527 2171 certe
544 2132 668 2177 tenuere,
687 2135 733 2169 nec
749 2118 840 2169 undaet

240 2190 384 2259 Pronaque
397 2192 423 2243 in
438 2195 561 2260 amplexus
574 2192 669 2241 brachia
683 2192 776 2257 semper
788 2202 870 2242 erant.

204 2262 246 2317 Sic
255 2265 346 2315 utimm
356 2281 462 2316 errarem
476 2282 485 2318 a
500 2265 595 2317 faceres
604 2277 632 2315 tu
645 2265 749 2325 mollia,
766 2264 856 2332 conjux
867 2297 880 2323 ,

238 2334 348 2403 AEquota
363 2353 371 2387 t
386 2350 414 2389 tc
428 2338 510 2399 socia,
527 2340 561 2388 nil
575 2337 633 2387 milii
646 2336 712 2387 triste
729 2336 804 2387 soret.
993 2374 994 2401 3

144 2422 172 2458 ιι
180 2423 192 2471 5
204 2410 276 2459 Nunc
287 2426 384 2477 quoque
394 2444 403 2469 ,
414 2410 565 2463 Telemacho
574 2423 656 2461 tecum
666 2409 725 2460 mihi
735 2409 823 2476 sospite
833 2410 908 2471 lello,
993 2414 994 2433 ¹

239 2482 329 2533 Omnia
345 2485 400 2535 sunt
412 2485 492 2535 animo
506 2483 556 2550 jam
569 2484 662 2533 leviora
677 2484 752 2533 malaa
769 2487 772 2493 '
993 2478 994 2493 ³

202 2554 285 2619 Quem
295 2568 376 2607 tamen
385 2557 482 2608 infestas
498 2556 577 2607 rursus
587 2573 676 2623 queror
685 2555 721 2606 ire
735 2572 780 2623 pet
793 2556 891 2617 undas,
993 2566 994 2573 ¹

240 2628 388 2695 Herculeam
403 2630 526 2697 Sparten,
547 2630 734 2696 Nestoreamque
751 2628 841 2697 Pylon.

203 2700 305 2769 ingrata,
314 2701 347 2754 est
363 2702 458 2768 pietas,
478 2704 516 2754 cui
530 2715 596 2753 tanta
610 2703 717 2769 pericula
732 2700 849 2755 subsunt:

143 2784 193 2821 tto
226 2774 302 2841 'Nam
316 2774 378 2825 mal'e
393 2775 525 2828 commissus
541 2775 650 2826 fluetibus
665 2775 713 2841 ipse
729 2773 786 2826 suit.

202 2845 251 2896 Sed
260 2848 330 2898 labor
340 2847 364 2897 in
373 2846 421 2899 fine
436 2849 469 2899 est
480 2866 488 2901 t
507 2848 633 2899 occursum
643 2847 667 2898 in
677 2848 750 2898 litote
759 2860 834 2901 vate:

236 2918 328 2974 Dixit:
342 2920 373 2972 ln
388 2924 530 2990 amplexus,
549 2938 625 2989 care,
642 2922 722 2975 serere
736 2934 804 2975 tuos.
832 2970 834 2973 .
