2034 3709
144 254 207 307 ur
231 234 349 306 Arra
372 215 568 307 Amanus
594 239 632 308 L.
659 240 690 310 l.
717 260 794 340 203

75 357 119 407 Tu
137 358 179 423 pia
197 359 247 407 tela
264 358 348 416 feres,
369 356 496 407 sceleratas
512 357 554 407 ille
570 356 686 426 sagittas:

115 432 224 481 Stabunt
241 447 286 497 pro
303 430 375 498 signis
390 430 476 498 jusque
493 430 605 497 piumque
621 432 679 483 tuis.
805 448 859 487 200

73 505 223 556 Vincuntur
241 503 313 554 causi
328 504 409 554 Parthi
423 538 432 564 ‚
446 505 574 554 vincantur
591 506 618 555 dt
632 505 713 557 armis.

114 578 186 628 ans
203 578 274 628 Latio
291 578 339 627 dux
355 594 421 627 meus
437 578 510 627 addat
526 593 596 643 opes.

75 651 201 717 Marsque
211 663 281 716 pater
293 684 301 709 ,
318 650 443 717 Caesarque
455 664 524 717 pater
535 684 543 709 ,
560 651 616 700 date
627 666 715 703 numen
725 652 810 705 eunti:

114 726 183 775 Nam
198 725 269 774 Deus
284 740 298 774 e
315 723 384 773 vohis
400 725 463 774 alter
477 740 524 783 es,
539 724 603 773 alter
617 726 674 776 eris.

77 797 200 865 Auguror
214 814 266 856 en,
281 798 384 855 vinces3
399 799 531 863 votivaque
546 796 649 848 cannina
665 798 784 850 reddam:
804 814 855 864 205

116 872 150 919 Et
168 888 257 939 magno
275 871 344 921 nobis
362 886 405 920 ore
423 870 542 920 sonandus
558 871 615 921 eris.

81 944 231 1002 consistes„
252 944 376 1011 aciemque
392 943 451 993 meis
465 945 596 995 hortabere
612 944 712 997 verbis:

118 1018 145 1067 O
164 1018 172 1067 l
191 1017 271 1069 desint
287 1017 369 1067 animis
385 1034 417 1067 ne
432 1011 486 1067 mea
501 1019 577 1067 verba
592 1016 660 1069 tuis!

79 1090 218 1158 Tergaque
235 1090 396 1148 Parthorum,
413 1089 569 1157 Romanaque
585 1091 682 1157 potiora
699 1092 796 1151 dicam3

118 1164 254 1229 Telaque,
274 1166 303 1213 ab
318 1163 403 1214 averso
419 1180 472 1231 quae
487 1163 547 1229 jacit
561 1162 633 1213 hostis
650 1180 724 1230 equo.
806 1179 859 1215 210

81 1236 134 1301 Qui
145 1236 229 1305 fugis,
246 1248 274 1287 ut
283 1238 365 1287 vincas
377 1270 386 1293 ,
403 1238 459 1305 quid
469 1236 533 1287 sisto
544 1236 670 1296 ,Parthe,
685 1236 822 1305 relinquis?

118 1310 211 1360 Parthe
223 1344 232 1369 ,
247 1311 333 1361 malum
342 1310 391 1377 jam
401 1324 465 1360 nunc
475 1310 545 1359 Mars
554 1323 610 1361 tuus
621 1325 693 1360 omen
702 1311 786 1360 habet.

82 1384 153 1451 Ergo
168 1384 216 1433 erit
232 1384 273 1434 illa
289 1384 359 1444 dies,
377 1383 423 1450 qui
438 1394 484 1441 tu,
501 1384 662 1449 pulcherrime
678 1398 779 1444 rerum,

121 1457 249 1520 Quattuor
264 1458 290 1507 in
305 1457 382 1507 niveis
396 1472 482 1507 aureus
498 1457 544 1507 ibis
554 1456 648 1523 equis!

83 1530 158 1582 lbunt
175 1545 232 1581 ante
249 1531 323 1581 duces
340 1529 434 1581 onerati
449 1530 512 1579 colla
529 1531 620 1581 catenis
629 1546 639 1588 3
805 1544 859 1595 215

121 1605 162 1653 Ne
179 1604 272 1669 possint
285 1604 352 1663 turi,
371 1604 418 1669 qui
432 1603 516 1669 prius,
536 1602 582 1653 effe
596 1602 663 1669 fugi.

8 1656 9 1681 ἶ
86 1676 233 1745 Spedtabunt
249 1678 299 1727 laeti
314 1676 435 1745 juvenes,
454 1676 582 1743 mixtaque
598 1676 687 1743 puellae
700 1686 710 1727 t

7 1771 9 1799 l

7 1802 8 1823 l

121 1748 300 1817 Diffundetque
316 1750 407 1799 animos
425 1749 535 1799 omnibus
550 1748 591 1799 ista
609 1750 670 1799 dies.

86 1822 169 1889 Atque
186 1825 265 1891 aliqua
281 1840 311 1874 ex
327 1824 373 1873 illis
390 1820 443 1872 cim
454 1820 549 1889 Regum
564 1822 659 1871 nomina
676 1830 789 1889 quaeret,

123 1896 187 1961 Quae
198 1899 253 1947 loca
264 1931 272 1957 ,
284 1898 325 1964 qui
334 1908 430 1949 montes
442 1927 449 1955 ,
465 1912 550 1963 quaeve
561 1895 670 1945 ferantur
679 1906 747 1959 aquae
758 1908 769 1952 ς
809 1906 862 1943 220

89 1969 177 2021 Omnia
193 1970 333 2036 responde,
352 1986 397 2019 nec
409 1967 506 2019 tantdm
520 1968 541 2019 si
556 1985 602 2034 qua
618 1967 735 2035 rogabit:

124 2044 156 2093 Et
172 2060 225 2109 quae
241 2044 372 2103 nescieris,
391 2054 417 2092 ut
433 2042 496 2092 bene
512 2053 572 2091 nota
589 2038 664 2091 refer.

7 2090 9 2131 ἰ
89 2116 137 2169 Hic
154 2116 188 2166 est
205 2116 357 2183 Euphrates,
376 2114 517 2182 pracindus
534 2113 650 2163 arundine
667 2112 794 2161 frontem:

128 2189 176 2239 Cui
192 2206 260 2239 coma
276 2190 398 2257 dependet
412 2188 519 2246 caerula,
536 2186 617 2255 Tigris
635 2186 690 2236 erit.

90 2262 144 2315 Hos
163 2263 237 2314 facito
253 2263 381 2313 Armenios
398 2262 473 2313 :haec
489 2260 524 2309 est
537 2259 646 2311 Dana'e'ia
663 2254 764 2309 Persist
807 2268 861 2317 225

128 2338 192 2387 Urbs
208 2336 233 2385 in
248 2335 407 2387 Achaemeniis
423 2334 527 2385 vallibus
542 2333 583 2383 ista
599 2333 655 2382 fuit.

91 2410 155 2468 llle,
172 2410 213 2461 vel
224 2410 286 2469 ille,
302 2410 397 2460 duces:
416 2407 441 2458 dt
456 2419 549 2464 erunt,
568 2423 621 2472 quae
634 2405 731 2455 nomina
741 2401 825 2454 dicas:

129 2484 153 2533 Si
169 2483 280 2551 poteris,
296 2482 355 2533 vere
372 2498 379 2532 t
396 2481 416 2531 si
432 2482 529 2539 minus,
546 2493 601 2545 apta
616 2491 709 2529 tamen.

93 2557 159 2609 Dent
175 2557 247 2607 etiam
263 2557 348 2624 positis
364 2554 452 2605 aditum
471 2552 583 2604 convivia
598 2552 709 2603 mensis:

130 2630 167 2680 Est
183 2630 292 2696 aliquid,
308 2628 486 2697 praeservire,
506 2626 571 2693 quod
584 2626 640 2675 inde
656 2636 737 2693 petas.
780 2692 784 2698 ἡ
812 2631 868 2685 230

95 2704 162 2769 Saepe
177 2704 226 2753 illic
243 2704 316 2769 positi
330 2702 422 2753 teneris
438 2700 538 2751 addudia
553 2700 651 2749 lacertis

130 2776 267 2843 Purpureus
282 2776 373 2827 Bacchi
387 2790 478 2826 cornua
495 2774 584 2840 pressit
600 2772 698 2823 Amor:

95 2850 205 2916 Vinaque
223 2849 277 2899 crim
291 2852 382 2900 bibulas
399 2848 506 2913 sparsdre
521 2846 644 2912 Cupidinis
662 2845 734 2900 alas,

132 2922 284 2983 Permanet,
299 2922 325 2975 dt
344 2934 417 2992 capto
433 2920 476 2973 stat
493 2920 574 2989 gravis
587 2920 629 2969 ille
644 2920 711 2967 loco.

708 3002 762 3074 Isi
