2034 3709
134 268 287 367 man
313 298 378 367 nr.
403 248 695 371 sinamur.
724 299 795 393 185

82 420 159 471 Laeva
169 437 269 478 manus,
281 420 320 469 cui
330 436 392 470 nunc
403 419 480 469 serum
490 420 552 468 male
564 420 678 469 convenit
688 436 787 478 aurum,
810 432 840 481 15

123 494 199 543 Scu'ta
215 493 292 543 tulit:
308 493 415 544 dextram
432 505 526 559 range,
544 504 644 541 cruenta
659 492 715 542 suit.

85 565 144 629 Qui
158 567 232 633 periit
247 566 350 633 aliquis,
367 578 438 633 potes
452 566 515 615 hanc
532 565 675 633 contingere
690 564 823 617 dextram?

114 639 182 701 'Heu
199 639 205 688 !
224 640 265 690 ubi
281 640 394 689 mollities
411 638 515 705 pesioris
531 639 572 687 illa
586 636 644 688 tui?

86 710 171 763 Cerne
191 713 336 773 cicatrices,
353 713 443 763 veteris
460 712 556 778 vestigia
573 728 668 778 pugnae.

124 784 261 850 Quaesitum
278 786 311 836 est
327 786 362 836 ilii
377 802 501 853 torpore,
521 783 633 852 quicquid
650 783 735 836 habet.
808 797 843 835 ιο

86 860 199 909 Forsitan
216 860 259 918 dt,
279 860 374 927 quoties
389 860 511 909 hominem
527 858 693 925 jugulaverit,
711 857 753 907 ille

123 933 220 983 indicet
236 948 244 982 ι
259 933 307 983 hoc
324 931 390 983 fassas
404 934 501 999 tangis,
519 949 608 990 avara,
628 928 733 980 manus?

11 1006 12 1057 ζ
86 1006 131 1055 Ille
147 1023 214 1073 ego,
233 1004 355 1056 Musarum
369 1022 443 1071 purus
461 1004 594 1071 Phoebique
612 1003 744 1061 sacerdos,

11 1076 12 1081 ’
124 1079 163 1128 Ad
179 1079 266 1147 rigidas
284 1092 357 1129 canto
372 1096 468 1129 carmen
483 1079 554 1127 inane
570 1078 645 1127 sores.

11 1192 12 1207 ,
87 1152 368 1219 Discite,quisapitis,
385 1169 434 1202 nou
445 1169 498 1218 quae
514 1168 558 1200 nos
570 1150 654 1199 scimus
666 1141 777 1208 inertes,
806 1162 840 1211 25

124 1226 174 1275 Sed
190 1226 295 1291 trepidas
313 1226 396 1282 acies,
417 1226 443 1276 &
461 1225 513 1273 sera
527 1222 618 1282 casira,
636 1222 721 1289 sequi:

88 1298 185 1365 Proque
201 1301 267 1349 bono
283 1299 353 1349 versu
369 1300 469 1367 primum
485 1297 596 1347 deducire
613 1297 698 1362 pilum.

125 1373 184 1423 Hoc
196 1374 259 1431 tibi,
279 1374 300 1424 si
315 1373 411 1432 velles,
429 1370 524 1439 posset,
542 1370 669 1428 Homere‚
687 1366 747 1419 dari.

88 1445 201 1513 luppiter
218 1446 353 1496 admonitus
370 1446 427 1495 nihil
443 1444 490 1495 esse
508 1445 632 1510 potentius
648 1458 727 1501 auro,

125 1520 257 1586 Corruptae
270 1520 374 1587 pretium
390 1518 487 1587 virginis
504 1518 553 1583 ipse
567 1517 622 1568 suit.
807 1525 843 1579 30

89 1594 154 1643 Dum
171 1610 267 1645 merces
282 1594 387 1651 aberar3
404 1592 476 1642 durus
493 1604 582 1657 pater,
599 1589 649 1655 ipsa
665 1588 770 1647 severa,
914 1582 919 1588 “

122 1665 202 1717 AErari
217 1665 315 1733 postes,
333 1666 411 1715 ferrea
427 1664 500 1715 turris
516 1675 589 1713 erat:

89 1740 135 1791 Sed
154 1740 278 1806 postquam
293 1738 385 1805 sapiens
400 1738 424 1789 in
440 1754 539 1788 munera
555 1735 623 1786 venit
638 1733 753 1794 adulter,

126 1812 232 1863 Praebuit
248 1812 296 1880 ipsa
311 1813 398 1865 sinus:
417 1811 462 1870 ἃ,
481 1810 538 1861 dare
553 1808 631 1875 jussa,
649 1808 727 1861 dedit.

91 1885 124 1937 At
139 1885 193 1937 cium
209 1904 285 1955 regna
302 1886 375 1937 senex
389 1884 446 1936 coeli
460 1884 576 1935 Saturnus
590 1883 712 1939 haberet,
810 1890 842 1944 35

127 1960 209 2011 Omne
226 1962 319 2011 lucrum
335 1958 443 2009 tenebris
459 1959 507 2009 alta
523 1957 649 2023 premebat
662 1954 757 2002 humus.

10 2088 11 2099 γ
91 2031 197 2098 AEraque
218 2034 244 2085 δι
261 2046 403 2101 argentum,
423 2048 526 2097 cumque
542 2046 601 2079 auro
617 2026 728 2094 pondera
744 2021 804 2074 ferri

127 2107 242 2157 Manibus
258 2105 387 2157 admdrat:
404 2107 518 2170 nullaque
533 2101 604 2152 maffa
618 2101 673 2151 suit.

91 2179 123 2229 At
140 2180 242 2229 meliora
258 2180 329 2229 dabat
345 2194 352 2229 ε
368 2194 444 2228 curvo
461 2179 514 2227 sine
528 2191 628 2225 vomere
645 2174 747 2239 fruges,

127 2252 268 2319 Pomaque,
288 2253 312 2302 ἃ
329 2253 353 2302 iu
370 2268 460 2319 quercu
476 2251 549 2299 mella
563 2260 662 2314 reperta
678 2244 748 2298 caud.
811 2258 847 2307 4ο

92 2327 146 2376 Nec
162 2327 244 2376 valido
260 2326 382 2392 quisquam
397 2337 474 2375 terras
489 2322 596 2373 findebat
611 2331 711 2371 aratro:

10 2462 11 2471 ἵ
128 2399 243 2467 Signabat
258 2400 325 2448 nuile
338 2398 414 2449 limite
430 2397 524 2447 mensor
538 2395 647 2446 humum.

10 2484 11 2539 ξ
93 2473 149 2523 Non
166 2472 229 2523 freta
247 2472 343 2522 demissi
358 2472 488 2523 vertebant
503 2481 572 2520 eruta
588 2467 668 2519 remi:

10 2540 11 2549 ³
128 2546 221 2596 Ultima
235 2546 330 2595 mortali
346 2557 397 2595 tum
414 2545 459 2593 viar
468 2544 526 2593 litus
542 2553 603 2592 erat.

94 2619 186 2671 Contra
202 2631 227 2669 te
244 2618 343 2677 soliers,
364 2616 487 2667 hominum
504 2618 614 2673 Natura,
632 2610 715 2672 fuisti;
812 2623 847 2674 45

127 2692 159 2743 Et
175 2690 274 2742 nimium
290 2691 379 2742 damnis
395 2690 517 2757 ingeniosa
534 2688 592 2739 tuis.

94 2764 150 2830 Qud
167 2766 231 2821 ribi,
248 2766 340 2816 turritis
356 2764 479 2831 incingere
494 2762 613 2813 moenibus
626 2755 718 2810 urbesi

128 2837 187 2903 Qud
202 2836 265 2896 tibi,
284 2838 403 2889 discordes
421 2836 510 2887 addere
526 2837 551 2887 in
566 2851 631 2886 arma
646 2827 753 2882 manus?

94 2913 158 2978 Quid
175 2913 221 2962 tibi
237 2928 291 2961 cum
307 2909 417 2979 pelago?
433 2923 498 2960 terra
515 2920 631 2961 contenta
645 2904 734 2958 fuisses.

128 2987 180 3039 Cur
197 3002 247 3038 uon
267 2986 293 3039 δι
310 2986 398 3039 coeluru
413 2982 485 3035 tertia
500 3000 576 3052 regna
590 2977 679 3050 petis?
