2034 3709
190 201 436 274 Rumam
461 204 678 280 Arionis,
728 210 804 303 265

82 321 139 389 Qui
154 357 162 383 ,
177 324 223 373 nisi
241 322 358 381 desierit,
376 323 463 373 misero
479 324 600 391 periturus
618 342 700 376 amore
716 327 769 385 est,

123 398 248 456 Desinat,
265 397 292 447 u
308 397 367 446 nulli
383 397 474 447 funeris
490 398 573 447 aridior
591 400 647 449 eris.

86 470 119 519 Et
134 488 198 537 puer
212 487 259 528 es3
274 486 320 519 nec
334 483 359 519 te
373 470 523 537 quicquam,
538 472 586 521 nisa
578 471 702 531 ludere,
718 485 828 545 oportet.

124 544 221 593 Lude:
238 544 327 593 decent
341 560 417 593 annos
430 544 513 593 mollia
529 561 603 613 regna
618 557 685 601 tuos.
759 564 764 571 ·

87 617 152 668 Nam
169 629 268 683 poteras
285 617 320 666 uti
336 617 405 667 nudis
420 618 451 666 ad
466 620 530 668 belia
547 619 656 686 sagittis:
812 634 845 684 ας

126 690 177 740 Sed
194 702 236 740 tua
252 690 350 739 letifero
367 690 480 758 sanguine
496 692 546 741 tela
562 706 655 743 carent.

87 763 200 817 Vitricus
217 762 343 830 &gladiis
362 763 388 815 &
405 764 477 813 acuta
493 765 591 815 dimicet
608 766 692 825 hasta3

123 837 158 886 Et
174 836 253 887 vilior
269 835 345 886 multis
361 836 429 887 caede
446 851 561 889 cruentus
578 850 628 891 eat.

87 909 129 963 Tu
146 911 203 961 cole
218 922 359 969 maternas,
377 908 433 961 tutd
448 913 533 978 quibus
549 912 656 969 utimur,
676 924 761 966 artes:

125 983 159 1033 Et
175 1000 274 1051 quarum
291 983 351 1033 vitio
366 984 431 1035 nulla
446 983 475 1034 fit
491 987 550 1035 orba
568 1002 664 1052 parens.
812 999 847 1055 30
939 972 949 1005 Ἰ

89 1055 168 1107 Effice
184 1056 301 1107 nollurni
315 1056 437 1125 frangatur
453 1058 525 1125 janua
541 1059 612 1119 rixi,

126 1131 160 1180 Et
176 1142 246 1214 tegat
261 1141 358 1191 ornatas
374 1133 449 1181 multa
465 1148 557 1182 corona
573 1132 649 1183 fores.

89 1199 138 1254 Fac
156 1205 246 1255 coeant
260 1202 364 1256 furtim
356 1221 479 1270 juvenes,
494 1204 631 1273 timideque
647 1207 754 1290 puelle.

124 1279 259 1344 Verbaque
275 1277 335 1327 dent
351 1292 424 1327 cauto
440 1279 548 1344 qualibet
563 1292 615 1329 arte
630 1280 693 1330 viro.

89 1351 122 1400 Et
135 1348 214 1401 modi>
230 1350 375 1409 blanditias,
394 1350 472 1418 rigido
488 1349 583 1402 modd
576 1353 652 1421 jurgia
668 1354 729 1420 posti
811 1365 843 1419 35

126 1425 222 1482 Dicat3
243 1423 395 1475 &exclusus
411 1425 491 1475 flebile
508 1438 591 1476 cantet
609 1444 700 1477 amans.

90 1497 137 1547 His
153 1498 266 1565 lacrymis
282 1510 414 1548 contentus
430 1499 477 1549 eris
493 1499 545 1549 sine
564 1499 661 1549 crimine
678 1486 773 1553 mortiS.

127 1572 187 1621 Non
202 1584 243 1621 tua
258 1572 299 1621 fax
316 1571 399 1621 avidos
415 1572 486 1639 digna
500 1571 578 1622 subire
594 1589 677 1639 rogos.

90 1644 153 1699 Haec
168 1662 218 1712 ego
235 1662 242 1695 :
260 1644 337 1694 movit
351 1643 428 1694 Amor
444 1658 574 1712 gemmatas
590 1662 676 1696 aureus
692 1648 761 1707 alass

127 1718 161 1767 Et
177 1717 254 1787 mihi3
272 1717 426 1783 Propositum
441 1717 551 1785 perfice,
570 1719 646 1778 dixit,
666 1737 738 1787 opus.
810 1734 847 1783 40
892 1767 895 1771 .

91 1791 131 1840 Ad
147 1808 220 1851 mea,
240 1791 336 1857 decepti
354 1790 480 1850 Juvenes,
497 1805 620 1858 praecepta
635 1794 738 1851 venite3
808 1830 811 1837 .

129 1864 201 1929 Quos
218 1865 272 1922 suus
287 1880 321 1914 ex
336 1865 402 1914 omni
417 1878 486 1931 parte
502 1864 591 1914 fefellit
606 1881 684 1917 amor.

92 1938 186 2004 Discite
202 1937 296 1999 sanari,
313 1954 358 2003 per
374 1954 446 2003 quem
461 1936 571 1987 didicistis
588 1952 686 1987 amare:

128 2011 187 2061 Una
204 2028 287 2060 manus
304 2011 372 2060 vobis
389 2011 475 2060 vulnus
492 2026 610 2077 opemque
628 2009 702 2061 feret.

92 2084 172 2136 Terra
189 2084 304 2133 salutares
320 2084 426 2143 herbas,
443 2084 576 2149 eademque
592 2095 732 2140 nocentes,
811 2098 845 2146 45

130 2158 215 2207 Nutrit
232 2174 240 2207 t
259 2158 285 2209 ὃ(
300 2156 383 2208 urticae
398 2156 506 2223 proxima
522 2157 584 2223 saepe
600 2155 653 2205 rosa
670 2155 713 2207 est.
859 2164 861 2169 '

92 2232 192 2285 Vulnus
207 2231 232 2279 in
247 2230 372 2281 Herculeo
389 2247 442 2296 quae
459 2231 578 2298 quondam
594 2229 688 2279 fecerat
701 2228 788 2287 hoste,

130 2304 248 2356 Vulneris
264 2303 377 2353 auxilium
392 2303 470 2354 Pelias
484 2302 549 2353 hasta
565 2303 630 2353 tulit.

94 2377 144 2429 Sed
162 2394 318 2445 quaecunque
334 2376 390 2427 viris
403 2410 411 2435 ,
427 2378 497 2427 vobis
511 2394 607 2444 quoque
623 2375 704 2433 ditia,
722 2378 828 2445 puelle,

131 2450 257 2501 Credite:
274 2450 374 2499 diversis
391 2450 496 2515 partibus
514 2468 577 2499 arma
594 2451 685 2501 damus.
784 2488 789 2511 ,
815 2465 848 2513 50

95 2524 116 2575 E
133 2524 219 2591 quibus
234 2523 264 2573 ad
279 2521 371 2574 vestros
386 2524 406 2575 si
422 2524 478 2590 qnid
494 2540 545 2573 non
561 2524 666 2589 pertinet
683 2524 758 2584 usum

133 2597 248 2648 Attamen
257 2599 376 2663 exemplo
391 2599 465 2645 multa
483 2597 573 2647 docere
589 2596 676 2662 potest.

97 2670 166 2723 vtile
180 2670 353 2737 propositum,
372 2670 443 2721 saevas
458 2670 607 2738 exstinguere
623 2670 749 2729 flammatu

132 2744 188 2793 Nec
204 2743 298 2805 servum
313 2744 365 2794 vitii
382 2744 463 2808 pedus
478 2745 568 2794 habere
584 2744 627 2794 sui.
699 2780 702 2783 -

98 2814 201 2872 Vixisset
218 2814 327 2883 Phyllis,
349 2817 369 2866 si
385 2834 424 2866 me
440 2816 505 2867 foret
521 2818 560 2869 usa
575 2815 705 2884 magistro,
811 2830 849 2879 Δςς

134 2890 166 2940 Er
181 2906 225 2954 per
242 2889 308 2955 quod
322 2890 426 2951 novies,
444 2890 528 2959 saepius
543 2889 595 2943 ittet
610 2892 665 2943 iter.

99 3000 103 3002 ’
163 2981 249 3036 Tomos
267 2982 295 3037 Ι.
732 2982 763 3034 Μ
807 2952 808 2955 ¹
