2034 3709
155 192 158 199 ’
232 212 309 285 2¹4
363 192 568 263 OVIDH
594 189 884 259 Nasonis

170 331 219 383 595
231 314 256 364 Si
272 329 321 362 uox
337 310 390 369 est,
409 322 479 361 canta
491 326 500 360 t
514 309 535 359 si
549 309 740 359 molliabrachia
755 342 764 366 ‚
779 310 860 361 salta:

266 386 315 444 Et,
333 400 483 451 quacumque
498 394 570 449 potes
586 383 645 431 dote
662 384 780 448 placere,
798 386 884 450 place.

229 460 340 513 Ebrietas
356 469 383 507 ut
398 474 457 508 vera
473 464 566 514 nocet,
584 455 619 505 sic
636 454 690 505 fitta
706 454 812 521 juvabit.

266 532 314 581 Fac
330 530 419 581 titubet
434 530 510 581 blaeso
525 528 626 578 subdola
640 529 721 595 lingua
738 530 822 582 sonos

229 607 285 664 Ut,
304 604 417 671 quitquid
433 603 508 653 facies
522 602 622 652 dieeste
635 600 774 667 proterritis
791 615 886 671 aequos

168 682 221 733 600
267 678 389 727 Credatur
403 676 500 727 nimium
516 675 585 725 eausa
600 674 669 725 fuid'e
685 692 788 725 merum.

230 753 261 803 Et
268 786 275 810 ‚
283 751 351 801 Bene
359 768 366 809 t
375 750 428 806 dic,
438 749 542 801 dominre
550 766 558 807 ς
567 749 648 807 Bene,
657 765 711 798 eum
719 761 770 816 qun
778 747 888 801 dormiat
895 748 943 801 iila:

267 826 317 874 Sed
332 824 393 872 male
410 825 442 875 sit
456 823 529 875 taciti
544 833 625 872 mente
640 838 743 887 precare
758 822 826 874 viro.

229 897 284 957 At,
301 914 355 947 cum
369 896 476 948 discedet
492 895 575 946 mensi
591 896 694 945 conviva
708 896 827 953 remotd3
1001 925 1002 958 q

267 969 342 1037 (Ipsa
359 970 403 1019 tibi
419 968 525 1021 accessus
539 970 609 1019 turba
623 971 753 1035 locumque
769 968 857 1019 dabit:
870 970 900 1037 )
1001 965 1002 980 ’

168 1046 218 1110 605
230 1043 312 1096 Insere
329 1054 355 1093 te
369 1044 445 1093 turbas
461 1059 469 1092 t
485 1042 622 1107 leviterque
637 1042 746 1091 admotus
763 1044 854 1101 eunti,

265 1117 341 1169 Velie
357 1117 419 1166 latus
437 1116 536 1183 digitis;
558 1116 583 1165 dt
598 1115 661 1181 pede
676 1127 749 1182 tange
765 1116 869 1180 pedem.

230 1188 365 1256 Colloquio
382 1188 431 1255 jam
446 1202 543 1255 tempus
557 1188 623 1237 adest
636 1205 645 1238 t
658 1189 715 1255 fuge
727 1221 735 1247 ,
749 1188 838 1238 rustice
854 1186 927 1255 longe
1001 1191 1002 1258 q

266 1264 330 1313 Hinc
339 1263 434 1329 pudor:
443 1263 572 1313 audentem
582 1261 691 1327 Forsque
701 1262 839 1328 Venusque
849 1261 943 1328 juvant.
1001 1277 1002 1346 q

229 1336 287 1387 Non
303 1348 345 1385 tua
361 1336 404 1385 sub
420 1334 511 1385 nostras
525 1334 608 1385 ueniat
623 1334 734 1384 facundia
749 1336 828 1402 leges.

168 1411 219 1463 610
267 1410 315 1459 Fac
332 1406 426 1459 tannim
439 1408 558 1473 incipias,
574 1406 660 1474 sponte
676 1407 778 1457 disertus
792 1408 853 1458 eris.

228 1481 268 1533 Est
277 1481 321 1531 tibi
331 1481 438 1547 agendus
449 1498 531 1531 amans
542 1514 550 1540 ,
567 1480 729 1547 imitandaque
738 1483 843 1531 vulnera
852 1479 942 1531 verbis.

264 1554 329 1605 Hinc
345 1555 390 1605 tibi
405 1567 526 1621 quaeratur
540 1554 648 1620 qualibet
663 1566 716 1604 arte
732 1552 805 1604 fides.

228 1630 283 1681 Nec
299 1628 367 1677 credi
382 1628 451 1678 labor
468 1628 501 1679 est
516 1643 524 1678 t
540 1627 585 1678 sibi
602 1643 704 1694 queque
719 1627 818 1676 videtur
832 1626 947 1679 amuda.

167 1734 170 1747 .
265 1700 370 1754 Pessima
384 1701 434 1759 sit,
449 1699 508 1751 nulli
523 1716 573 1749 non
590 1700 631 1749 sua
645 1701 724 1749 forma
740 1701 836 1766 placet.
856 1744 869 1751 a
894 1745 897 1749 .

167 1776 218 1839 615
230 1774 299 1840 Saepe
316 1786 397 1827 tamen
413 1771 472 1823 verb
488 1773 564 1839 coepit
580 1773 705 1823 simulator
721 1789 822 1823 amne:
1001 1767 1002 1770 ’

266 1848 356 1913 Saepe,
373 1846 438 1913 quod
453 1846 572 1911 ¹incipiens
586 1844 690 1897 finxerat
706 1844 774 1903 effe,
792 1846 850 1898 fuit.

229 1919 288 1985 Quo
305 1918 379 1987 magis
396 1917 411 1969 ὂ
429 1917 435 1969 i
454 1919 538 1972 faciles
554 1918 700 1968 imitantibus
715 1918 783 1978 este,
799 1920 905 1985 puellae·

266 1992 320 2043 Fiet
336 2008 404 2042 amor
418 2008 510 2052 vetus,
527 1992 568 2059 qui
584 1989 656 2041 modis
672 1991 743 2041 falsus
758 2005 825 2041 erat.-

228 2064 353 2121 Blanditiis
370 2063 473 2117 animum
489 2066 573 2116 furtim
588 2064 739 2130 deprendere
754 2082 819 2115 nunc
838 2064 893 2119 sit:
945 2106 950 2117 .

167 2140 220 2189 620
266 2138 302 2189 Ut
317 2138 425 2205 pendens
441 2137 533 2204 liquida
548 2138 601 2205 ripa
617 2137 706 2187 subitur
722 2138 795 2203 aqui.
837 2180 849 2187 ,

228 2213 283 2265 Nec
300 2211 407 2270 fatiem,
423 2228 469 2261 nec
484 2223 511 2261 te
525 2212 607 2279 pigeat
619 2211 717 2261 laudare
733 2212 856 2276 capillos3

265 2284 298 2341 Et
314 2296 407 2337 teretes
423 2284 530 2353 digitos,
543 2284 707 2351 exiguumque
723 2285 822 2349 pedem.

227 2354 360 2411 Deleuant
376 2358 448 2410 ,etiarn
465 2356 539 2407 castas
553 2358 674 2423 maeonia
689 2358 784 2408 fornia.

264 2428 405 2495 Virginibus
422 2448 486 2481 curae
502 2445 618 2499 grataque
633 2432 711 2481 forma
727 2431 768 2479 sua
785 2428 830 2480 est.

68 2537 70 2543 ·
167 2502 217 2567 625
229 2502 292 2553 Nam
308 2518 352 2553 tut·
364 2504 391 2553 in
404 2502 514 2571 Phrygiis
529 2504 650 2556 Iunonem
666 2504 691 2555 dt
705 2501 803 2553 Pallada
817 2502 887 2554 siluis

264 2576 336 2630 Nunc
353 2592 450 2642 quoque
467 2577 582 2643 judicium
597 2593 647 2627 non
660 2576 760 2627 tenuiffe
774 2574 880 2643 pudet?

190 2700 195 2705 ,
228 2646 348 2699 Laudatas
365 2647 468 2699 ostentat
484 2650 535 2700 avis
552 2649 657 2701 Jununia
671 2664 783 2716 pennas:

265 2721 291 2771 si
306 2720 394 2790 tacitus
409 2720 520 2787 speeies,
537 2723 579 2771 illa
594 2723 706 2773 recondit
721 2730 813 2789 opes-⁴⁴

229 2793 425 2860 Quadrupedes,
444 2795 508 2845 inter
524 2796 600 2861 rapidi
617 2796 746 2846 certamina
762 2796 869 2854 cursis,
953 2793 957 2797 ’

166 2864 221 2931 630
265 2868 426 2936 Depexaeque
439 2868 524 2937 jubae,
542 2870 669 2937 plausaque
685 2870 770 2927 colla,
786 2868 888 2939 juvant.
