2034 3709
234 275 285 362 78
333 277 377 346 P.
405 276 595 348 Ormi!
620 277 842 349 Nasonis

235 394 304 459 Quid
313 395 398 446 sariam
406 395 507 446 dubito:
520 397 591 446 dolor
600 395 633 445 esi
642 411 710 445 meus
721 397 761 446 illa
771 399 851 450 videre
860 417 870 458 3

272 468 321 519 Sed
332 469 403 520 dolor
413 487 427 519 a
436 469 498 519 facie
510 469 588 536 major
599 469 676 519 abesse
685 469 737 518 tui.

174 553 208 610 23
213 556 226 605 5
240 541 297 607 Qud
305 543 381 602 licet,
398 544 424 594 δι
433 543 539 610 possum,
550 544 627 593 lullor
638 544 719 593 celare
728 543 835 595 sutorem
846 562 856 596 τ

272 615 322 665 Sed
329 627 411 666 tamen
421 627 521 682 apparet
532 617 691 667 dissimulatus
700 633 777 668 amor.

233 689 341 740 Nectibi
349 691 423 740 verba
432 690 515 740 darum
526 706 534 740 r
546 691 618 741 sentis
628 707 682 739 mea
692 693 809 752 vulnera,
821 691 906 744 semiss

272 762 356 830 Atque
367 764 457 814 utinam
467 764 512 814 suli
521 765 569 815 sint
577 779 606 813 ea
615 777 672 813 nota
681 763 726 813 tibi
738 763 745 813 l

235 835 276 887 Ah
288 835 294 885 !
307 838 420 903 quoties,
437 838 550 906 lacrymis
559 837 729 896 venientibus,
742 853 785 888 ora
793 839 893 900 reflexi,

174 923 228 972 240
274 910 314 960 Ne
324 911 417 962 causam
427 911 498 961 denis
507 923 630 978 quareret
641 912 682 960 ille
691 911 739 960 mei
750 909 757 959 !

236 983 276 1032 An
288 982 295 1030 l
305 984 403 1048 quoties
412 982 528 1050 juvenum
538 984 633 1034 narrari
640 996 713 1050 potus
721 999 833 1046 amores,

272 1054 312 1104 Ad
322 1059 405 1106 vultus
414 1058 525 1108 reserens
534 1058 627 1125 singula
638 1059 712 1106 verba
721 1069 777 1108 tuos
785 1075 795 1118 3

235 1128 403 1198 Indiciumque
412 1131 461 1180 mei
473 1129 528 1180 siclo
538 1130 580 1180 sub
589 1130 686 1180 nomine
697 1131 745 1179 seri
756 1131 763 1180 l

271 1203 317 1253 llle
328 1206 403 1271 egusi
412 1204 488 1255 nescis
499 1239 507 1264 ,
520 1219 592 1254 verus
601 1217 694 1254 amator
702 1219 779 1254 eram.

167 1289 226 1338 ’245
239 1274 306 1339 Quin
316 1278 405 1336 etiam,
415 1289 443 1327 ut
452 1277 543 1343 podem
550 1277 630 1327 verbis
640 1275 856 1343 petulantids'uti,

273 1349 332 1397 Non
341 1349 414 1400 semel
424 1351 528 1401 ebrietas
540 1350 573 1400 est
586 1351 696 1400 simulata
706 1348 773 1400 mihi.

236 1419 335 1472 Prodita
342 1423 411 1482 sunt,
424 1425 535 1482 memini,
549 1424 629 1473 cunici
639 1435 680 1472 tua
686 1423 786 1489 peslora
796 1424 853 1475 land
864 1461 874 1487 ,

273 1493 356 1562 Atque
368 1497 445 1547 oculis
454 1499 545 1546 aditum
555 1497 617 1547 nuda
629 1496 719 1546 deddre
732 1498 792 1546 meis
805 1513 812 1548 ε

236 1565 337 1618 Peslora
345 1572 386 1620 vel
394 1571 461 1636 puris
471 1571 581 1628 nivibus,
591 1571 631 1619 vel
640 1569 700 1619 lasle
708 1601 716 1627 ,
725 1581 843 1636 tuumque

174 1652 228 1702 250
277 1640 414 1709 Complexo
424 1657 525 1695 matrem
536 1643 673 1694 candidiora
685 1641 758 1694 Jove.

237 1713 304 1763 Dum
315 1715 399 1781 stupeo
409 1717 483 1776 visis,
496 1733 550 1766 nam
564 1717 651 1782 pocula
664 1716 728 1766 sorte
736 1713 852 1766 tenebam
862 1730 876 1779 ,¹

272 1787 397 1840 Tortilise
408 1790 487 1857 digitis
496 1790 587 1840 excidit
597 1788 651 1838 ansa
661 1789 729 1839 meis.

236 1858 328 1911 Oscula
338 1863 358 1912 si
367 1876 429 1914 natat
438 1863 557 1922 dederas3
568 1879 615 1931 ego
626 1862 735 1928 protinus
744 1860 786 1911 illa

274 1934 420 1986 Hermiones
432 1950 520 1987 tenero
531 1938 600 1986 laetus
611 1937 641 1984 ab
650 1951 694 1986 ore
703 1934 756 1985 tuli.

174 2015 226 2069 255
241 2005 273 2056 Et
282 2008 356 2061 modd
364 2012 488 2060 cantabam
498 2023 597 2059 veteres
609 2009 734 2074 resupinus
742 2024 840 2059 amores
852 2025 861 2060 t

274 2081 306 2131 Et
315 2081 388 2134 modd
399 2102 443 2151 per
451 2097 535 2133 nutum
547 2073 613 2149 signs
623 2082 727 2149 tegenda
738 2082 832 2131 dabam.

235 2151 268 2203 Et
278 2159 392 2206 comitum
402 2158 489 2222 primas
499 2156 635 2223 Clymenen
647 2152 807 2220 AEthramquc
819 2167 917 2208 tuarum

271 2228 352 2278 Ausus
363 2230 412 2278 sum
426 2229 517 2279 blandis
526 2245 603 2295 nuper
611 2227 677 2278 adire
687 2228 750 2278 sonis
767 2243 775 2278 ε

237 2295 300 2360 Quae
309 2302 365 2350 mihi
375 2319 425 2352 non
435 2303 498 2351 aliud
510 2336 517 2361 ,
528 2305 598 2368 qudm
608 2301 755 2358 formidare,
767 2302 859 2352 locutae
870 2335 880 2362 3

174 2365 226 2417 260
275 2371 375 2425 Orantis
384 2375 476 2426 medias
486 2375 615 2424 deseruere
626 2389 722 2440 preces.

235 2441 271 2492 Di
279 2443 406 2508 facerent,
418 2447 497 2516 magni
504 2447 609 2514 pretium
619 2445 755 2498 certaminis
765 2443 828 2498 esses
840 2448 849 2498 l

272 2517 359 2584 Teque
369 2520 410 2570 suo
421 2522 498 2571 villos
506 2522 584 2587 posset
594 2522 685 2572 habere
694 2532 750 2572 toro
764 2519 771 2568 l

236 2589 273 2640 Ut
282 2592 338 2640 tulit
349 2589 515 2660 Hippomenes
526 2594 672 2644 Schoeneida
683 2628 690 2653 ,
702 2593 799 2661 praernia
811 2595 914 2658 cursusl
1000 2591 1001 2594 Ἴ

272 2657 384 2716 Venitur
393 2668 417 2716 in
427 2667 544 2734 Phrygios
557 2667 717 2735 Hippodamia
726 2664 792 2718 sinus
802 2686 812 2728 3

175 2731 209 2785 26
213 2748 226 2796 5
238 2735 274 2786 Ut
287 2738 353 2787 serus
362 2738 461 2790 Alcides
471 2740 592 2790 Acheloia
605 2757 694 2791 cornua
704 2739 794 2807 fregit,

273 2811 408 2876 Dumpetit
417 2815 557 2879 amplexus,
569 2813 706 2872 Deianira,
718 2824 774 2864 tuus
786 2830 794 2863 r

235 2881 321 2932 Nostra
331 2901 375 2949 per
383 2885 425 2932 has
436 2887 502 2953 leges
513 2885 611 2936 audacia
620 2887 706 2937 sortior
715 2885 766 2936 isset
776 2903 787 2945 3

272 2953 359 3024 Teque
370 2959 417 3008 mei
429 2959 502 3011 scires
514 2959 560 3009 csse
573 2959 661 3012 laboris
671 2975 741 3026 opus.
