2034 3709
191 218 242 313 36
289 216 546 295 P.‚OV1.o'r'1
571 219 795 291 Nasonis

190 341 248 389 Non
261 356 308 407 ego
317 340 422 390 fluminei
432 340 537 391 referam
545 338 671 389 mendacia
684 343 776 408 cygni:
853 344 856 351 '
899 344 906 351 ”

227 415 282 463 Nec
292 430 377 479 querar
387 414 411 463 in
421 414 505 479 plumis
516 411 632 462 delituisse
641 412 655 463 J
658 430 739 465 ovem.

193 486 247 551 Qua
264 487 312 536 duo
325 486 450 553 porcellus
466 484 541 552 longit
551 486 613 537 freta
623 485 718 537 distinet
727 487 828 539 Isthmos
837 490 853 548 ζ’

146 578 180 626 70
228 560 306 615 Vedla
318 560 449 627 peregrinis
459 558 619 624 Hippodamia
628 561 699 609 rotis.

193 632 287 682 Callori
296 632 421 701 Amyclaeo
432 666 439 692 ,
452 633 477 683 8(
488 632 614 699 Amyclaeo
625 630 736 693 Polluci,

226 706 330 755 Reddita
340 705 588 773 MopsopiiTaenaris
599 706 658 756 urhe
668 706 745 757 soror.

191 778 298 829 Taenaris
309 811 317 837 ,
329 780 395 835 Ideo
403 792 469 831 trans
480 786 563 845 equor
577 780 608 827 ab
618 779 713 844 hospite
723 793 808 847 rapta,

227 852 353 919 Argolicas
364 870 409 918 pro
425 853 448 905 se
464 852 540 903 vertit
552 853 578 903 in
586 868 651 902 arma
660 858 753 905 manus.

145 942 176 993 75
190 925 241 979 Vix
249 927 359 993 equidem
368 926 464 983 memini
474 943 482 983 ς
498 926 593 976 memini
604 937 703 977 tamen:
714 928 794 977 omnia
804 926 900 987 lustris,
921 935 925 943 '

229 999 316 1049 Omnia
326 999 593 1065 solicitiplenatimoris
602 1006 681 1051 erant.
777 1006 793 1048 .’

191 1072 277 1124 Flebat
286 1091 343 1131 avus
355 1100 366 1133 ‚·
375 1072 516 1139 Phoebeque
528 1072 596 1123 sotor
606 1104 614 1129 ,
625 1072 760 1139 fratresque
771 1075 868 1142 gemelli
881 1090 891 1126 t

228 1146 322 1197 Orabat
332 1148 429 1214 superos
439 1146 504 1197 Leda
513 1145 627 1213 suumque
634 1144 732 1197 Jovem.

189 1218 242 1285 lpsa
251 1238 298 1287 ego
308 1254 315 1279 ‚
328 1238 377 1273 non
385 1222 471 1287 longos
483 1220 555 1269 etiarn
565 1236 629 1268 nunc
638 1219 702 1269 sciffa
714 1222 832 1287 capillos,

144 1296 178 1347 80
227 1293 364 1348 Clamabam
375 1328 382 1352 ,
395 1294 452 1343 Sine
461 1310 516 1351 me,
531 1310 570 1341 me
583 1294 651 1349 sine,
663 1305 757 1352 mater,
768 1294 819 1344 abis
831 1293 844 1344 ἓ
876 1359 879 1364 y

96 1426 98 1431 Ι
189 1366 252 1417 Nam
267 1367 358 1433 conjux
369 1368 461 1423 aberat,
473 1368 512 1418 Ne
527 1383 577 1417 non
594 1364 825 1430 Pelopeiacredar,

194 1472 197 1479 s
226 1440 291 1489 Ecce
309 1442 475 1525 Neoptolemo
489 1439 715 1505 predaparatalui.
819 1463 824 1467 ·
842 1462 847 1467 ’

189 1510 286 1579 Pelides
299 1514 389 1563 utinam
399 1513 492 1566 vitalsct
504 1512 624 1579 Apolline
631 1529 721 1563 arcus
715 1512 721 1547 ¹

226 1587 361 1641 Damnaret
370 1601 419 1638 nati
413 1588 489 1639 faeta
499 1602 614 1653 proterva
625 1599 724 1650 pater

141 1651 155 1703 3
162 1670 173 1719 5
190 1659 243 1709 Nec
253 1660 483 1727 quondamplacurt
497 1678 543 1711 nec
553 1660 601 1726 jam
610 1624 853 1725 placn'dletalchilli3
895 1702 899 1707 ,
1001 1661 1002 1666 ’

192 1734 334 1787 Abduaa
344 1735 441 1785 viduum
452 1733 558 1801 conjuge
566 1734 721 1783 flerevirum.
807 1756 813 1783 .·

189 1805 250 1871 Quae
261 1825 314 1857 mea
327 1807 474 1858 coelestes
443 1809 529 1873 antusia
538 1807 613 1856 fecit
606 1806 700 1871 iniquos
710 1805 722 1855 ἓ

225 1880 299 1944 Quod
308 1882 382 1941 mihi,
397 1900 433 1931 vae
450 1879 558 1933 miserae!
576 1880 640 1929 sidds
651 1878 731 1929 obesse
741 1880 850 1945 querat?
870 1881 874 1893 '

186 1952 262 2003 Parva
270 1955 324 2007 med
334 1956 386 2005 sine
396 1968 472 2023 matre
481 1956 517 2004 fui
527 1971 536 2011 ς
546 1966 616 2020 pater
629 1970 692 2003 arma
706 1953 802 2003 fetebat
812 1970 820 2003 :

141 2038 175 2089 90
223 2027 254 2077 Et
264 2028 312 2078 duo
321 2026 375 2079 crim
384 2027 732 2087 vivant,:orbaduobusenm.
751 2064 755 2072 ,

187 2101 245 2151 Non
260 2103 304 2154 tibi
313 2102 438 2157 blanditias
448 2102 546 2168 primis,
557 2118 611 2149 mea
623 2112 716 2158 mater,
727 2099 832 2150 ioannis

224 2176 321 2228 lncerto
339 2176 464 2227 distasore
478 2176 560 2241 puella
573 2174 649 2223 tuli·
703 2224 706 2230 ,
808 2189 893 2221 ’.ι-ι
925 2250 929 2254 ¹
1001 2223 1002 2228 ,

186 2247 244 2301 Non
253 2266 301 2317 ego
316 2263 411 2315 captavi
403 2250 531 2299 brevibus
541 2261 583 2298 tua
596 2248 659 2297 colla
668 2247 808 2297 lacertisa·‚

222 2323 276 2372 Nec
292 2326 383 2391 gremio
396 2323 448 2373 sedi
457 2323 546 2373 sarcina
559 2334 626 2389 grata
638 2333 721 2371 tuo

140 2404 172 2457 95
186 2395 243 2445 Non
253 2397 330 2448 cnltlts
339 2398 382 2447 tibi
394 2413 450 2446 cura
459 2396 525 2453 mci3
535 2412 582 2444 nec
590 2393 657 2460 pasta
664 2394 753 2443 marito

222 2469 312 2520 Intravi
328 2472 461 2528 thalamos,
476 2482 553 2520 matre
563 2478 680 2534 parante
694 2481 784 2517 novos.

187 2542 267 2593 Obvia
284 2545 419 2608 prodieram
421 2543 512 2593 reduci
525 2542 584 2599 tibi,
600 2558 659 2591 vera
668 2541 786 2590 fireaors

222 2618 276 2667 Nec
286 2618 359 2669 sati-es
370 2618 439 2667 nobis
449 2629 506 2666 nota
511 2615 622 2681 parentis
637 2627 730 2663 erat

185 2688 810 2808 Tetamenellellelenqtaqpodcraapulchmitpa‚
816 2686 892 2750 sknsi.
922 2728 928 2735 .
959 2738 962 2742 ,

122 2774 171 2811 100
221 2764 273 2829 Ipsa
282 2766 437 2831 requirebas
446 2778 501 2830 qm
515 2764 560 2813 titi
572 2775 629 2812 nata
642 2761 760 2812 foren-

185 2836 240 2888 Pars
252 2839 304 2889 haec
317 2856 365 2889 nna
378 2838 437 2887 mihi
450 2836 541 2903 conjux
554 2838 618 2886 bene
632 2836 708 2885 cessit
722 2834 849 2893 Oresten·
920 2869 925 2881 .
1001 2827 1002 2846 ¹

220 2912 243 2961 ls
255 2928 368 2980 quoque,
387 2912 410 2962 ni
421 2928 466 2979 pro
480 2912 504 2963 se
520 2924 612 2979 pngnec
620 2942 629 2977 ,
640 2909 749 2962 ademtus
763 2911 832 2961 erit.
875 2949 884 2957 ,
