2034 3709
206 269 483 341 Hunorum.
506 269 587 338 En.
612 268 669 339 ΙΙ.
767 286 792 359 7

89 390 151 441 luter
160 387 185 441 δι
194 388 296 458 AEgidas
307 388 385 439 medil
395 388 501 439 statuaris
511 389 536 439 in
544 389 603 439 urbe
614 403 622 438 ι

121 463 262 531 Magnificus
274 464 353 514 titulis
367 462 414 513 stet
427 475 497 529 pater
511 474 567 513 ante
583 461 639 511 suis.

90 536 147 587 cum
156 537 229 587 luerit
239 538 336 605 Scyron
345 537 421 587 lesbus
431 569 439 594 ‚
450 537 581 603 torvusque
592 532 746 593 Procrustes,

121 610 152 662 Et
162 611 238 669 Sinis,
252 611 353 661 &tauri
362 611 485 677 mixtaque
496 610 574 661 forma
585 610 648 667 viri,
805 625 840 677 70

88 684 118 733 Et
130 684 223 735 domitae
237 686 305 735 bello
321 685 431 743 Tbebae,
445 685 540 749 fusique
558 683 720 743 bimembres,
930 720 951 770 p,

121 757 150 807 Et
162 759 252 823 pulsata
265 759 329 826 nigri
340 758 407 825 regia
420 775 486 808 eaeca
497 758 549 808 Dei
560 776 568 816 ;

89 831 140 879 lloc
150 845 190 880 tua
200 831 253 898 posl
263 832 332 881 illurn
341 832 415 881 titulo
425 832 533 899 signetur
544 831 622 898 imago
633 845 640 881 ε

122 902 168 953 Hic
182 904 234 963 est,
250 903 320 970 cujus
334 922 414 955 amans
428 904 522 971 hospita
539 918 609 969 capta
624 903 682 953 dolo
695 900 737 953 est.

89 976 127 1026 De
140 989 204 1026 tanta
219 994 300 1027 rerum
315 979 385 1027 turba
400 978 512 1044 sedisque
529 976 653 1042 parentis,
805 992 838 1043 75

39 1101 44 1107 ,
123 1049 187 1099 Sedit
197 1051 222 1099 in
235 1051 342 1118 ingenio·
352 1050 434 1102 Cressa
450 1050 532 1101 relisla
547 1063 601 1101 tuo.

91 1120 160 1185 Quod
173 1123 248 1173 solum
263 1125 377 1183 excuset,
395 1123 471 1173 solum
484 1124 577 1174 miraris
592 1124 617 1172 in
631 1124 684 1173 illo.
774 1154 778 1165 ·

124 1194 243 1246 Heredem
256 1198 357 1263 patrie,
373 1195 466 1263 perfide
478 1230 486 1254 ‚
500 1197 590 1247 fraudis
603 1197 662 1263 agis.

93 1269 131 1318 llla
142 1288 202 1327 ,nec
214 1271 315 1320 invideo
325 1304 333 1329 ,
345 1271 433 1321 fruitur
443 1270 544 1321 meliore
555 1270 658 1329 marito;
840 1316 844 1323 .

124 1342 195 1409 inque
212 1344 342 1409 capistratis
358 1343 457 1412 tigribus
470 1345 519 1392 alta
536 1343 613 1394 sedet.
740 1379 742 1389 .
807 1342 841 1394 80

94 1416 123 1467 dt
136 1435 185 1467 mea
204 1418 311 1483 despedli
327 1417 423 1485 fugitum
441 1417 560 1467 connubia
575 1416 702 1477 Threces,

126 1489 195 1554 Quod
209 1491 274 1541 ferar
292 1503 419 1540 externum
434 1490 584 1556 praeposuisse
599 1490 667 1539 meis.

95 1561 166 1627 Atque
172 1564 269 1630 aliquis;
277 1564 371 1616 Dodas
378 1562 425 1629 jam
432 1580 495 1613 nunc
505 1576 556 1619 eat,
567 1563 643 1629 inquit
652 1597 659 1620 ,
667 1562 775 1613 Athenas
789 1578 796 1612 ι

125 1636 264 1687 Armiferam
275 1638 392 1686 Thracen
408 1638 450 1703 qui
461 1648 547 1704 regat,
563 1639 626 1686 alter
637 1638 692 1687 erit.

95 1707 170 1759 Exitus
180 1710 231 1759 asia
240 1711 339 1777 probat.
351 1710 441 1760 Carent
451 1711 598 1759 successibus
610 1723 669 1775 opto
675 1743 686 1771 ‚
808 1701 840 1764 85

126 1780 233 1850 Quisquis
242 1787 276 1834 ab
286 1796 377 1834 eventu
386 1783 445 1833 fasir
456 1784 562 1833 notanda
570 1795 648 1849 putat.

95 1853 125 1904 dt
133 1857 151 1905 si
160 1857 236 1907 nostra
244 1870 292 1907 tuo
304 1857 452 1924 spumescant
462 1874 561 1923 aequora
572 1874 656 1915 remu,
761 1913 764 1920 ¹

68 1978 76 1983 .
126 1928 173 1981 Jam
187 1932 262 1989 mihi,
281 1930 330 1996 jam
345 1929 566 1993 dicarconsuluilse
580 1930 650 1979 meis.

97 2001 138 2053 Sed
152 2022 228 2071 neque
243 2004 356 2055 consului
369 2020 376 2055 ε
388 2020 434 2055 nec
444 2016 470 2055 te
481 2022 535 2054 mea
545 2004 611 2071 regia
621 2012 724 2070 tanget.
839 2022 847 2055 r

127 2077 218 2128 Feslave
231 2078 338 2130 Bistonia
347 2079 453 2128 membra
462 2079 553 2127 lavabis
562 2076 632 2142 aqud.
805 2072 842 2125 90

96 2148 134 2198 llla
145 2152 200 2202 meis
213 2153 294 2202 oculis
306 2152 397 2217 species
408 2152 519 2201 abeuntis
534 2150 654 2208 inheret,

129 2222 185 2274 Cdm
195 2236 319 2291 premeret
329 2238 414 2291 portus
424 2224 508 2273 classis
519 2224 580 2272 itura
591 2240 669 2274 meos.

97 2294 166 2346 Ausus
179 2315 204 2347 es
215 2298 342 2365 amplesli,
358 2299 473 2363 colloque
485 2296 574 2346 infusus
588 2296 688 2346 amantis

130 2368 213 2420 Oscula
227 2388 274 2438 per
287 2373 372 2438 longas
385 2368 487 2437 jungere
502 2369 577 2435 presse
588 2386 687 2429 moras5

99 2440 197 2509 Cumque
207 2446 256 2494 tuis
268 2444 380 2510 lacrymis
393 2444 511 2510 lacrymas
523 2443 673 2493 confundere
683 2440 773 2491 nostras
786 2458 794 2499 3
809 2448 842 2500 95

129 2514 247 2583 Quodque
262 2517 328 2567 soret
342 2517 403 2567 velis
417 2533 474 2565 aura
489 2516 609 2574 secunda,
626 2516 715 2583 queri3

99 2586 125 2637 Et
137 2591 190 2640 mihi
206 2591 332 2641 discedens
351 2588 458 2656 suprema
472 2590 554 2639 dicere
568 2605 650 2639 voce:

129 2660 219 2730 Phylli,
234 2664 289 2713 sace
300 2663 422 2729 exspestes
434 2663 626 2728 Demophoonta
636 2676 716 2715 tuum.

100 2730 227 2799 Exspetlem
238 2771 244 2796 ‚
256 2738 299 2803 qui
309 2754 347 2786 me
358 2754 484 2802 numquam
492 2736 584 2785 visurus
595 2735 660 2786 abisti
672 2733 682 2785 1
776 2784 780 2791 ,

131 2807 265 2875 Exspeslem
275 2810 364 2877 pelago
373 2811 427 2859 vela
439 2822 526 2875 negata
538 2807 617 2858 meo?
813 2818 862 2854 100

102 2878 128 2928 Et
136 2893 210 2933 tamen
222 2882 335 2948 exspeslo
346 2899 355 2940 ;
370 2884 454 2933 redeas
465 2881 539 2931 modd
551 2882 617 2933 serus
627 2878 732 2941 amanti,

132 2954 165 3007 Ut
176 2968 216 3008 tua
228 2957 261 3009 sit
270 2955 324 3009 solu
334 2967 443 3024 tempore
457 2956 521 3024 lapsa
530 2954 600 3006 fides.
625 3025 648 3077 Α
666 3026 671 3037 Ι
740 3008 746 3019 ,

664 3043 690 3078 u·
