2034 3709
197 280 273 354 ¹04
304 261 346 332 P.
375 261 563 334 Orrnrt
584 259 819 333 anonrs'

193 381 311 432 Invidiam
326 380 402 447 patiar
419 394 427 431 t
445 378 509 446 prffo
526 379 567 429 sua
582 378 679 444 praemie
697 379 796 432 dentur.

230 453 352 506 Curinus
368 465 464 504 atanto
481 452 580 503 crimine
597 451 686 503 smnus
703 451 794 504 abest?

194 525 321 578 Hesionen
335 527 474 584 Telamon,
491 524 600 576 Briseida
615 525 681 592 cepit
697 524 832 580 Achilles:

149 609 185 659 70
230 601 341 667 Utraque
357 601 475 652 viilorent
489 598 552 650 viiia
569 599 650 649 secuta
664 597 741 650 suum.
782 613 787 620 “

193 669 336 736 Quamlibet
349 673 466 730 accuses,
482 672 509 722 dt
525 673 557 723 sis
572 672 650 729 irata,
666 670 776 733 licebits

231 746 295 797 lratai
311 746 384 798 liceat
401 745 457 797 dum
472 745 531 796 mihi
547 744 613 812 posse
629 744 684 794 frui.

193 816 262 870 idem
278 820 319 887 qui
333 820 452 878 iacimus,
469 817 555 870 tamn
572 818 723 869 tenuabimus
740 816 822 873 iramt

231 891 311 960 Copia
326 893 449 959 placanda
463 892 495 942 sit
511 888 584 942 modd
599 908 672 957 parva
687 892 733 942 tui.

152 973 185 1024 75
196 963 262 1015 Ante
275 978 332 1016 tuos
346 966 447 1018 flentem
460 966 536 1016 liceat
550 961 679 1016 consistere
693 966 799 1019 vultus:

231 1038 263 1088 Et
278 1039 353 1089 liceat
365 1038 479 1106 lacrymis
496 1037 586 1088 addere
602 1039 676 1087 verba
691 1037 762 1090 suis:

193 1108 278 1177 thue
290 1111 368 1167 solent
378 1111 480 1171 famuli,
501 1108 557 1161 ctlm
567 1111 669 1162 verbera
680 1110 742 1160 saeve
750 1123 873 1163 serentur
884 1145 895 1173 ,

229 1184 345 1237 Tendere
362 1184 482 1236 submissas
497 1185 529 1234 ad
543 1195 586 1234 tun
602 1200 673 1234 crura
688 1199 783 1234 manus.

194 1255 294 1324 ignoras
309 1272 353 1310 tus
367 1257 422 1324 jura
438 1274 446 1309 t
465 1273 527 1308 voca
545 1272 553 1308 t
572 1273 615 1308 cur
628 1273 718 1324 arguor
734 1257 847 1310 absens?

144 1329 185 1379 '80
230 1329 373 1383 Iamdudum
390 1331 494 1382 dominae
507 1343 577 1380 more
590 1331 676 1380 venire
690 1328 760 1396 jube.

93 1440 97 1448 .
195 1402 247 1468 ipsa
265 1421 333 1456 meos
350 1404 443 1454 scindas
456 1404 516 1454 licet
531 1403 658 1468 imperiosa
673 1404 801 1470 capillos,

231 1473 331 1543 Oraque
345 1476 394 1528 sint
410 1476 490 1546 digitis
505 1477 578 1526 livida
595 1477 655 1528 fadis
671 1476 741 1528 tuis:

194 1547 283 1598 Omnia
298 1550 420 1617 perpetiar
435 1566 443 1602 s
458 1547 551 1600 tantdm
567 1549 663 1600 fortasse
677 1550 791 1609 timebo,
843 1583 847 1590 ι

231 1621 342 1690 Corpore
358 1623 459 1674 laedntur
475 1639 507 1673 ne
524 1638 607 1673 manus
621 1622 661 1672 illa
675 1639 742 1674 meo.

151 1693 184 1756 85
196 1692 244 1744 Sed
259 1712 340 1762 neque
352 1695 526 1764 compedibus,
541 1711 587 1746 nec
599 1711 637 1746 me
650 1695 777 1762 compesce
794 1697 888 1748 catenis
902 1714 911 1750 ι

231 1767 351 1820 Servabor
364 1767 434 1820 firmo
450 1768 544 1820 viridius
560 1785 643 1822 amore
658 1769 703 1822 tui.

194 1838 257 1891 clm
273 1843 337 1893 bene
355 1841 400 1901 se,
413 1854 575 1909 quantumque
591 1843 679 1904 volet,
696 1825 820 1896 satiaveiit
835 1843 896 1906 itu
1006 1847 1007 1858 ¹

231 1914 284 1980 Ipsa
298 1917 343 1966 tibi
361 1916 447 1976 dices,
467 1913 547 1978 Quim
563 1915 683 1982 patienter
698 1916 783 1969 amnt!

195 1985 248 2053 Ipsa
263 1988 308 2039 tibi
325 1988 413 2050 dices,
430 1989 472 2040 ubi
486 1988 576 2054 videris
591 1991 672 2040 omnia
687 1990 774 2048 ferree

151 2071 186 2121 90
231 2060 293 2110 Tam
310 2064 373 2114 bene
390 2062 431 2130 qui
447 2061 540 2120 servit,
556 2062 644 2114 serviat
657 2061 699 2114 ilie
709 2063 781 2114 ¹mihi.

194 2133 267 2184 Nunc
283 2152 340 2188 reus
356 2135 442 2187 infelix
455 2136 539 2187 absens
556 2148 638 2203 agor:
656 2136 682 2186 bt
697 2151 752 2186 mea
766 2133 822 2186 cius
837 2137 873 2188 sit

232 2204 350 2274 Optime,
368 2215 418 2259 lton
435 2209 486 2260 ullo
500 2207 569 2258 causa
586 2221 670 2259 tuente
686 2209 758 2276 perit.

194 2277 251 2328 Hoc
261 2282 434 2348 quoque‚quod
441 2281 481 2348 jus
489 2281 565 2340 est‚sit
574 2274 687 2346 scripturn
695 2281 780 2349 injuria
790 2282 909 2338 nostrum:

233 2349 308 2415 Quod
327 2355 358 2404 de
378 2371 417 2406 tne
434 2355 487 2406 solo
505 2371 594 2422 nempe
610 2356 735 2422 queraris,
754 2357 842 2410 hebes.

150 2436 183 2489 95
197 2423 255 2474 Non
266 2428 353 2477 meruit
363 2427 413 2478 falli
419 2443 518 2491 meeum
528 2445 625 2496 quoque
635 2429 709 2482 Deua
721 2446 728 2481 :
742 2428 762 2479 si
774 2445 824 2485 uon

231 2499 277 2549 Vis
294 2500 350 2565 nnihi
363 2501 499 2566 prorniffum
513 2501 726 2573 reddere=,‘redde
742 2503 818 2554 Deae.

196 2570 299 2631 Adfuit,
320 2574 346 2623 dt
361 2573 421 2624 vidit
431 2608 445 2638 2
456 2575 510 2626 etim
526 2589 557 2632 tu
572 2576 673 2642 decepte
685 2576 791 2628 rubebas
803 2589 812 2626 t
868 2611 872 2618 -

231 2643 263 2694 Et
278 2662 366 2696 vocem
381 2650 482 2700 memori
498 2649 608 2703 condidit
624 2666 687 2706 aure
700 2662 776 2703 tuam.

195 2715 285 2768 Omina
302 2736 329 2786 re
345 2736 469 2785 careant:
485 2722 549 2772 nihil
564 2721 597 2774 eli
612 2722 742 2774 violentius
759 2721 819 2782 illl,

66 2794 72 2819 l
136 2801 186 2838 100
234 2789 295 2842 Ciun
312 2792 353 2843 sua
362 2827 370 2852 ‚
390 2795 456 2861 quod
470 2795 566 2855 nolim,
584 2797 681 2846 numina
697 2795 750 2846 laesa
764 2795 843 2848 videt.

194 2863 274 2916 Testis
289 2867 336 2917 erit
352 2867 484 2936 Calydonis
499 2885 558 2935 aper
570 2883 578 2920 t
590 2886 643 2918 naun
660 2869 763 2925 scimus,
781 2882 809 2918 ut
824 2869 870 2920 illo

230 2937 267 2989 Sit
280 2941 355 3010 magis
370 2941 395 2993 in
409 2953 492 3006 natum
508 2943 570 2996 saeva
586 2955 682 3012 reperta
698 2957 797 3010 parens.
