2034 3709
192 269 267 342 140
320 247 527 318 Orrnrr
553 246 805 333 Arronurr

190 369 201 434 [
214 367 281 433 Quid
291 363 303 416 l
316 366 397 420 sinon
408 365 512 433 Cephali
523 365 642 432 quondam
652 366 771 435 flagrasset
781 373 879 418 amore
889 372 901 424 ,'
1009 380 1010 398 2

224 441 264 492 An
278 452 348 506 putat
363 439 471 507 ignotam
487 439 617 504 nequitiam
635 439 681 488 else
699 439 786 492 suam?
802 442 814 507 ]

144 525 159 578 3
165 527 177 574 5
188 513 298 565 Tithono
313 514 403 564 vellem
420 511 452 562 de
469 523 495 561 te
511 523 611 562 uentre
623 512 731 565 liceret:
752 521 754 526 ’

224 587 315 637 Fabula
330 603 381 636 non
397 585 462 634 coelo
478 585 572 650 turpior
587 585 636 634 ulla
652 586 727 637 foret.

188 659 260 712 lllum
275 659 335 710 dum
347 658 458 726 refugis,
476 658 552 724 longo
569 657 623 724 quia
637 658 737 726 frigidus
753 673 829 717 arvo,

225 731 307 800 Surgis
322 733 352 781 ad
365 730 451 782 invisas
467 747 481 779 a
498 730 554 781 sene
569 747 638 780 mane
654 744 731 783 rotas.

188 807 223 857 At
232 807 253 856 ri
263 821 334 872 quem
345 804 452 855 manibus
464 802 600 870 Cephalum
610 807 736 872 complexa
745 817 846 856 teneres
860 836 872 860 ,

143 890 179 937 40
225 879 368 936 clamares,
389 874 468 927 Lente
484 877 574 927 currite
593 876 669 928 nodis
688 877 754 945 equi.
1009 933 1010 936 Ἴ

190 950 241 1002 Cur
251 968 299 1020 ego
315 951 407 1018 pledlrr
416 967 497 1000 amans
508 983 517 1008 ,
536 950 557 1000 si
567 949 603 998 vir
614 951 657 1000 tibi
667 963 760 1001 marcet
771 950 802 1000 ab
812 947 887 999 aunis
900 945 916 999 i.
1009 943 1010 980 fi

225 1025 291 1075 Num
305 1040 345 1074 me
362 1021 462 1090 nupsisti
475 1021 622 1074 conciliante
639 1023 688 1074 seni
699 1021 710 1073 i
1009 1029 1010 1038 ¹

187 1096 296 1164 Aspice,
312 1110 373 1164 quot
388 1096 483 1147 somnos
498 1095 583 1162 juveni
598 1096 693 1147 donarit
705 1109 788 1148 amato

225 1171 317 1220 Luna-2
333 1186 413 1236 neque
431 1169 494 1219 illius
511 1169 588 1220 forma
604 1169 707 1220 secunda
722 1183 783 1220 tuae.

143 1243 242 1310 451pse
259 1243 340 1294 Derim
358 1242 474 1310 genitor,
490 1258 522 1292 ne
538 1253 563 1292 te
580 1253 628 1292 tarn
645 1243 706 1310 saepe
721 1243 841 1301 videret,

226 1316 353 1366 Commisit
369 1315 453 1366 nolles
470 1315 495 1364 in
511 1315 551 1364 sua
566 1326 625 1365 vota
643 1316 712 1367 duas.

189 1389 272 1456 Jurgia
286 1388 394 1440 finieram
409 1403 418 1437 t
435 1387 507 1438 scires
524 1387 632 1446 audiffer
647 1392 773 1440 rubebat:
839 1437 844 1448 ,

223 1463 279 1513 Nec
295 1476 378 1512 tamen
394 1459 485 1512 assueto
500 1459 590 1512 tardids
607 1473 661 1513 orta
677 1463 739 1532 dier.

221 1569 873 1644 o-·-..--.--==n,*⁰t====-..---·o

323 1691 577 1762 ELEGIA
638 1691 764 1754 X'I-V.

188 1786 429 1914 Dictum,
447 1853 576 1904 Medicare
591 1865 649 1904 tuor
668 1850 754 1902 desiste
771 1851 885 1918 capillos.

224 1923 332 1991 Tingere
346 1943 417 1992 quam
429 1929 526 1993 possis,
543 1927 591 1993 jam
606 1927 650 1979 tibi
666 1927 731 1976 nulla
746 1942 817 1975 coma
834 1926 879 1978 eu.

188 1995 242 2053 At,
258 1997 281 2046 si
295 1998 357 2064 palla
373 2000 459 2060 fores,
479 2002 537 2066 quid
553 2011 606 2050 erat
621 1999 749 2066 spatiosius
765 1997 838 2049 illic?

171 2089 175 2094 ·
227 2069 387 2138 Contigerant
402 2073 494 2133 imum,
512 2076 558 2140 qud
573 2085 641 2139 patet
657 2089 754 2139 usque,
773 2075 847 2122 latus.

164 2156 177 2203 5
190 2142 257 2206 Quid
269 2142 280 2192 ἒ
295 2147 363 2210 quod
373 2158 442 2196 erant
452 2159 555 2204 tenues,
575 2147 601 2197 dc
611 2163 673 2212 quos
684 2161 771 2196 ornare
782 2146 885 2196 timeres
896 2161 907 2206 3

226 2217 291 2265 Vela
307 2220 411 2268 colorati
426 2219 505 2285 qualia
522 2221 595 2270 Seres
610 2217 723 2269 habent?

189 2289 239 2340 Vel
256 2290 319 2354 pede
333 2293 400 2356 quod
416 2293 500 2358 gracili
516 2292 615 2342 deducit
629 2307 722 2342 aranea.
731 2289 819 2351 filum,

226 2359 288 2410 Cdm
304 2362 360 2414 leve
378 2365 473 2416 deserti
485 2365 528 2414 sub
542 2366 610 2417 trabe
627 2364 701 2415 nedtit
717 2365 806 2430 opus?

189 2433 244 2483 Nec
259 2443 341 2486 umen
353 2450 407 2504 pter
421 2452 495 2497 erat,
508 2454 556 2488 nec
570 2441 622 2488 era't
635 2450 716 2488 tamen
730 2451 821 2488 aureus
833 2437 906 2499 illis,

147 2519 179 2554 ιο
225 2507 293 2566 Sed,
314 2511 421 2574 prumtis
437 2524 544 2570 neuter,
561 2511 649 2562 mixtus
665 2521 790 2578 uterque,
811 2513 904 2563 c'olor:

188 2578 295 2644 Qualem
310 2583 407 2633 clivosa
418 2585 522 2635 madidis
538 2586 562 2634 in
577 2585 685 2634 vallibus.
694 2584 743 2634 ldae

199 2649 204 2660 '
223 2651 321 2712 Ardua,
338 2656 442 2722 derepto
456 2658 568 2716 cortice,
586 2657 671 2708 cedrus
684 2657 773 2708 habet.

188 2725 281 2786 Adde,
300 2728 366 2792 quod
376 2729 409 2780 ·&
422 2729 535 2789 dociles,
555 2730 582 2780 δι
599 2742 697 2780 centum
712 2730 815 2781 flexibus
832 2729 904 2799 apti,

225 2799 258 2850 Et
273 2799 316 2850 tibi
331 2801 420 2850 nullius
437 2803 505 2852 causa
522 2803 613 2853 doloris
630 2814 708 2854 erant.

147 2883 157 2918 r
163 2884 178 2933 5
188 2872 247 2922 Non
263 2889 320 2925 acus
336 2874 451 2940 abrupit,
470 2893 519 2925 non
536 2877 613 2926 vallus
629 2875 748 2942 pellinis,
767 2874 847 2932 illosr

226 2945 343 2998 Ornatrix
360 2959 416 3002 tuto
433 2963 539 3016 corpore
556 2948 648 3017 semper
665 2959 729 3005 eret.
