2034 3709
239 282 291 336 22
338 264 381 331 P.
406 262 592 333 oman
619 260 840 333 NAsonrs

240 381 282 431 Tu
292 399 390 448 quoqrte
399 384 522 432 clamabis.
532 380 606 433 Nulla
615 380 753 447 reparabilis
763 393 815 431 arte

275 454 342 504 Lesa
352 457 470 520 pudicitia
483 455 518 505 eli
530 472 538 505 ε
550 456 646 520 deperit
656 456 696 503 illa
708 454 790 503 semel.

153 530 163 545 ⁶
176 530 227 582 105
238 527 318 579 Ardet
327 544 410 577 amare
418 530 455 577 tui
465 546 474 587 3
484 530 522 577 sic
535 530 560 579 ἃ
571 528 705 577 Menelaon
716 526 821 577 amarit:

275 601 349 650 Nune
360 600 427 666 jaret
441 602 466 649 iu
479 602 554 650 viduo
570 600 682 651 credulus
695 600 736 649 ille
748 612 815 649 toro

239 673 309 723 Felix
323 673 510 731 Andromache,
525 686 596 723 terto
610 675 672 722 bene
682 684 755 737 nupta
770 669 877 721 marito!

276 745 350 795 Uxor
363 748 395 795 ad
409 749 545 811 exemplum
563 747 642 795 fratria
657 745 765 794 habenda
780 746 824 793 lui.

239 816 282 867 Tu
295 820 375 868 levior
386 819 468 877 foliis,
482 832 542 869 tunc
557 817 630 876 crim,
645 818 697 868 sine
710 818 819 883 pondere
832 802 916 877 sutci',

175 899 227 937 110
275 890 409 942 Mobilibus
423 893 504 942 ventis
517 893 582 941 arida
596 891 675 948 fadla,
693 892 787 940 volant.

191 1007 196 1021 ,
239 962 356 1013 Ειιιιίιιιις
366 964 417 1013 ell'
409 982 434 1013 ιιι
443 978 489 1024 te,
505 969 576 1031 quam
590 964 678 1014 summa
692 963 786 1027 pondus
802 962 889 1021 arilia,

277 1035 341 1100 Qua
350 1038 412 1086 levis
421 1038 522 1087 assiduis
532 1038 619 1088 solibus
628 1037 677 1086 usta
688 1037 760 1103 riget.

239 1106 298 1158 Hoc
306 1122 350 1159 tra
372 1126 432 1165 ‚nam
440 1112 526 1161 recolo
536 1145 544 1169 ‚
555 1111 675 1177 quondam
686 1124 799 1177 germana
810 1110 926 1161 canebat.

276 1182 318 1231 Sic
332 1199 355 1231 m
378 1182 490 1233 lidiffusit
502 1185 632 1234 vaticinata
647 1182 740 1233 comis:

176 1272 207 1311 lt
212 1276 227 1325 5
239 1251 307 1317 Quid
315 1256 393 1314 fatis,
404 1256 515 1305 (ἱιιοιιε.
512 1256 523 1287 ⁹
533 1257 589 1323 quid
600 1272 678 1305 arene
687 1255 774 1305 semina
784 1254 904 1304 mandas.
896 1250 907 1289 ³

274 1328 332 1377 Non
347 1328 491 1393 profelluris
506 1329 577 1381 litora
592 1330 669 1379 bobus
683 1344 744 1377 aras.

238 1398 330 1460 Grata
322 1417 426 1465 juvenca
434 1414 512 1459 vemt
522 1414 618 1468 quarte,
625 1392 783 1472 patriamque,
793 1399 954 1466 domumque,

274 1470 399 1523 Perdat:
391 1491 418 1524 ιο
425 1476 547 1539 prohibe
559 1474 651 1541 Graja
645 1490 747 1541 juvenca
756 1486 833 1523 venit

236 1543 304 1594 Dum
312 1546 387 1606 licet,
404 1547 532 1597 obscenam
543 1560 637 1613 ponto
653 1545 706 1603 Di,
723 1558 824 1612 mergite
835 1562 943 1611 puppim

129 1635 133 1641 ‘
174 1626 227 1665 ¹²0
275 1616 335 1668 Heu
352 1619 359 1668 !
377 1633 490 1686 quantum
505 1620 734 1689 Plirygiisanguinis
751 1619 791 1667 illa
807 1618 897 1667 vehit!

237 1690 342 1741 Dixerat
356 1708 365 1741 z
378 1694 404 1742 in
417 1693 487 1743 cursil
500 1694 596 1743 famula
612 1708 713 1759 rapuere
724 1693 865 1749 sinentem

273 1765 309 1813 At
321 1765 378 1813 mihi
392 1765 511 1817 flaventes
527 1766 645 1833 diriguere
662 1781 746 1815 comae.

238 1835 279 1885 Ali
294 1836 301 1885 !
313 1839 411 1887 nimium
421 1851 490 1888 vates
499 1839 592 1889 misera
601 1838 658 1887 mihi
668 1854 726 1887 vera
737 1834 808 1886 fuisti.

274 1908 388 1961 Possidet
402 1928 434 1960 en
449 1911 522 1962 saltus
536 1913 577 1961 illa
591 1911 695 1978 juvenca
709 1926 786 1959 ineos.

173 1995 206 2033 12
210 1996 224 2045 5
237 1980 274 2031 Sit
283 1982 346 2033 facie
356 1985 464 2049 quaruvis
474 1984 573 2051 insignis
585 2017 593 2043 ,
607 1984 715 2034 adultera
726 1981 794 2033 cert'e
804 1980 837 2032 eli
847 1996 857 2034 a

273 2055 389 2105 Deseruit
402 2056 498 2115 socios,
510 2056 604 2123 hospite
619 2068 705 2123 capta,
721 2056 801 2106 Deos.

236 2126 304 2177 Illam
319 2130 349 2179 de
363 2130 442 2195 patrii
457 2130 584 2189 Theseus,
599 2131 644 2179 nisi
661 2129 757 2179 nornine
773 2128 865 2187 fallor,

271 2200 364 2251 Nescio
378 2203 430 2266 quis
443 2201 571 2260 Theseus,
587 2202 681 2251 abstulit
695 2214 752 2251 ante
767 2200 817 2249 sud.
923 2235 926 2242 ·

234 2271 259 2328 Α
274 2271 363 2337 juvene
378 2275 405 2323 dt
419 2274 507 2341 cupido
523 2275 636 2325 credatur
648 2274 742 2324 reddita
755 2272 835 2341 virgo.

172 2347 223 2400 130
272 2346 344 2395 Unde
353 2347 401 2397 hoc
410 2346 568 2412 compererint
578 2359 627 2396 tarn
636 2349 714 2405 bene,
726 2347 813 2413 quaeris
822 2344 833 2395 ἓ
842 2355 910 2400 anto·¹

234 2418 292 2470 vim
308 2419 368 2468 licet
382 2421 508 2485 appelles,
523 2420 548 2469 dt
562 2422 655 2486 culpam
667 2420 765 2469 nomine
776 2420 845 2471 veles
853 2436 864 2478 ς

270 2490 334 2554 Quae
348 2493 423 2541 toties
436 2505 505 2557 rapta
520 2492 571 2553 est,
586 2492 688 2559 praebuit
702 2492 751 2576 ipsa
765 2493 827 2557 rapi.

234 2562 269 2612 At
282 2576 363 2612 manet
377 2564 472 2613 OEnone
485 2566 579 2618 fallenti
592 2566 653 2615 casta
666 2566 770 2615 marito:

271 2635 303 2685 Et
317 2650 414 2701 poteras
431 2638 482 2686 falli
497 2639 591 2705 legibus
605 2638 654 2705 ipse
668 2638 725 2688 tuis.

174 2703 223 2759 ¹35
235 2708 280 2759 Me
295 2708 374 2774 Satyri
386 2711 480 2759 celeres
495 2708 581 2773 (silvis
596 2728 643 2777 ego
658 2710 720 2760 tella
735 2710 862 2779 latebam)

262 2781 416 2845 Quaerrerant
426 2782 528 2848 rapido
539 2785 608 2833 turba
619 2795 749 2849 proterva,
759 2784 845 2848 pede·

237 2852 447 2920 Cornigerumque
463 2868 536 2919 caput
548 2857 603 2921 pinu
614 2856 754 2921 praecindlus
764 2854 836 2905 acuti

271 2927 382 2988 Faunum
396 2929 423 2979 in
434 2927 555 2979 immensis
570 2933 617 2997 qu'a
629 2941 706 2981 tumet
720 2928 763 2980 lda
775 2927 852 2997 jugis.
