2034 3709
240 287 314 360 124
366 265 575 336 0V1n11
603 265 869 336 Aaronem.

236 388 262 438 Si
275 387 318 438 tibi
332 386 398 436 sorte
414 385 499 442 dabit,
518 400 578 449 quos
595 383 775 452 praegustaverit
789 387 838 454 ipse
851 407 871 446 ,’

272 458 358 523 Rejice
372 460 460 508 libatos
475 457 537 507 illius
554 471 597 506 ore
613 458 691 509 cibos.

192 547 225 600 35
235 533 290 583 Nec
304 544 398 597 premat
410 530 527 597 impositis
542 529 614 581 sinito
631 543 672 581 tua
688 532 752 581 colla
768 532 891 584 lacertis:

272 605 336 663 Mite
354 621 400 654 nec
417 605 442 654 in
457 603 535 672 rigido
551 603 650 670 pestere
666 620 731 670 pone
749 618 833 671 caput.

235 680 291 735 Nec
308 679 373 729 sinus
389 677 499 728 admittat
516 677 623 744 digitos,
639 677 764 728 habilesve
781 679 889 746 papillas.

274 752 365 804 Oscula
379 749 499 817 praecipui
516 751 582 800 nulla
599 749 685 800 dedisse
701 750 774 802 velis.

237 824 329 877 Oscula
345 826 366 875 si
381 823 495 883 dederis,
512 821 567 873 fiam
584 822 719 874 manifestus
736 837 833 875 amator
846 839 856 878 t

190 913 227 962 4ο
275 899 308 950 Et
321 898 415 957 dicam,
433 897 493 946 Mea
509 895 586 948 sunt:
603 895 755 963 injiciamque
773 915 870 948 manus.

235 972 297 1024 Haec
311 984 393 1022 tamen
408 970 538 1036 aspiciam3
557 969 598 1020 sed
613 986 666 1036 quae
683 971 746 1020 bene
761 973 837 1036 pallia
852 972 962 1032 celant,

273 1046 317 1095 llla
332 1045 389 1094 mihi
404 1043 462 1094 caeci
479 1043 549 1093 causa
564 1041 657 1092 timoris
675 1055 754 1094 erunt.

235 1119 290 1170 Nec
301 1117 388 1170 iernori
399 1117 523 1167 committe
534 1116 612 1167 femur
623 1151 630 1175 ‚
647 1133 693 1166 nec
704 1133 774 1168 crure
787 1118 887 1169 cohaere
898 1153 908 1180 ,

273 1193 328 1242 Nec
343 1206 453 1243 tenerum
468 1190 529 1240 duro
545 1206 599 1240 cum
616 1190 679 1256 pede
694 1188 768 1258 iunge
787 1192 888 1258 pedem.

191 1279 226 1330 45
237 1265 318 1316 Multa
331 1265 401 1315 miser
416 1264 512 1322 timeo,
530 1263 584 1330 quia
600 1262 649 1313 feci
665 1264 739 1312 multa
756 1263 896 1330 protervi:

273 1338 431 1404 Exemplique
449 1349 516 1387 metu
532 1348 650 1402 torqueor
665 1334 714 1402 ipse
732 1337 789 1387 mei.

236 1411 306 1477 Saepe
320 1409 378 1460 mihi
393 1410 543 1476 dominaeque
557 1426 617 1459 mete
632 1420 761 1476 properata
777 1412 914 1478 voluptas,

272 1482 347 1537 Veste
365 1481 511 1549 subinjestis
529 1481 600 1532 dulce
617 1481 712 1550 peregit
729 1499 801 1549 opus.

236 1557 337 1608 Hoetu
350 1574 400 1607 non
416 1556 515 1607 faciest
534 1555 620 1606 sedne
638 1555 718 1606 fecisse
734 1555 850 1622 puteris,
942 1619 945 1625 Ι

195 1645 229 1694 50
274 1629 378 1680 Conscia
393 1630 423 1680 de
438 1629 531 1697 gremio
548 1629 620 1696 pallia
637 1629 707 1680 deme
722 1640 777 1680 tuo.

235 1703 283 1757 Vir
293 1702 359 1754 bibat
367 1719 443 1770 usque
454 1719 514 1770 roga
526 1718 532 1752 :
545 1703 656 1768 precibus
673 1714 756 1752 tamen
766 1701 849 1752 oscula
861 1703 956 1756 desint.

195 1827 201 1840 ,
273 1777 386 1844 Dumque
397 1777 474 1833 bibit,
489 1775 570 1826 furtim
579 1771 593 1831 ,’
607 1775 627 1824 si
642 1789 734 1840 potes,
752 1776 814 1825 adde
826 1793 936 1829 merum.
986 1783 988 1788 ’

237 1849 341 1901 sibene
358 1850 505 1920 compositus
522 1849 604 1898 somno
620 1848 726 1915 vinoque
740 1846 852 1915 jacebit,

277 1922 411 1974 Consilium
426 1922 495 1972 nobis
510 1939 598 1988 resque
613 1922 730 1988 locusque
746 1921 858 1981 dabunt,

195 2011 227 2062 55
239 1994 301 2049 Ciun
317 1997 399 2064 surges
413 1995 505 2045 abitura
520 1995 637 2053 domum,
654 1995 775 2062 surgemus
794 1997 820 2046 δι
835 2013 937 2050 omnes.

275 2071 304 2122 ln
319 2070 422 2120 medium
437 2069 515 2119 turbae
532 2067 570 2118 iac
585 2084 678 2118 memor
691 2084 777 2135 agmen
793 2085 846 2119 eas.

238 2143 342 2212 Agmine
357 2160 396 2193 me
410 2142 536 2200 invenies,
556 2154 596 2192 aut
613 2141 760 2198 invenieris,
779 2141 804 2192 in
821 2143 878 2194 illo.

275 2214 397 2282 Quicquid
411 2215 445 2264 ibi
459 2214 551 2282 poteris
567 2226 686 2282 tangere,
705 2227 778 2282 tange
795 2215 852 2265 mei.

238 2289 283 2340 Me
293 2288 403 2339 miserum
416 2287 423 2337 l
435 2305 523 2355 paucas
534 2288 616 2340 monui
627 2287 692 2354 quod
701 2287 779 2353 prosit
788 2286 814 2338 in
825 2289 899 2342 hores
914 2305 925 2343 t

194 2361 229 2412 ⁶0
275 2363 380 2429 Separor
395 2378 410 2410 a
426 2361 541 2419 domina,
557 2361 628 2411 nosle
643 2359 759 2428 jubente,
774 2360 838 2412 mei.

237 2434 317 2486 Neue
327 2435 365 2485 vir
374 2434 483 2484 includet
494 2451 502 2484 r
517 2435 627 2502 lacrymis
639 2433 789 2502 ego'rnaesius
800 2436 915 2494 obortis,

275 2507 332 2571 Qui
348 2507 424 2562 licet,
446 2508 477 2556 ad
493 2507 567 2560 saevas
583 2507 713 2574 prosequar
729 2524 807 2574 usque
824 2509 904 2560 sores.

239 2580 329 2632 Oscula
340 2578 387 2643 jam
398 2581 491 2630 sumet:
503 2579 552 2645 jani
561 2596 610 2631 non
620 2593 712 2630 tantum
723 2579 804 2630 oscula
815 2580 906 2635 sumet.

249 2660 255 2668 ‘
276 2652 351 2717 Quod
366 2653 425 2703 mihi
442 2653 484 2703 das
500 2652 600 2712 furtim,
619 2652 673 2720 jure
691 2652 773 2703 coaua
791 2653 869 2705 dabis.

194 2725 227 2792 65
237 2725 330 2784 Verrirn
340 2727 415 2777 invita
425 2726 482 2776 dato
495 2723 507 2789 (
516 2726 644 2793 potes-hoc
654 2727 665 2793 )
677 2724 806 2792 similisque
819 2727 912 2778 coasiae
924 2744 937 2782 t

274 2799 399 2850 Blanditiae
415 2810 532 2858 taceant,
550 2801 629 2866 sitque
647 2799 748 2867 maligna
764 2800 863 2858 Venus.

238 2874 265 2927 Si
274 2890 327 2923 mea
336 2884 394 2922 vota
404 2874 503 2929 valent,
516 2886 575 2937 opto
586 2889 699 2940 quoque,
713 2872 746 2921 nil
756 2869 826 2937 juvet
837 2874 906 2926 illum
917 2889 930 2928 ε

274 2947 317 3001 Sin
331 2946 425 3008 ninus,
445 2958 470 2998 at
487 2944 554 3002 certi
569 2957 595 3000 te
610 2944 680 3017 juvet
695 2945 750 2998 inde
767 2945 838 3004 nihil.
