2034 3709
215 282 279 375 58*
314 282 356 346 P.
386 228 572 346 orrnn
598 264 841 343 Nasours'

214 398 249 451 Dt
259 432 266 458 ,
276 412 381 464 precor,
392 393 483 443 anobis
492 410 565 444 omen
573 404 699 444 removete
709 392 846 445 sinistrum:

172 490 206 541 50
254 472 286 521 Et
296 470 385 521 suadet
396 468 479 518 reduci
488 468 525 517 vir
535 484 604 517 meus
611 484 675 517 anna
685 466 699 517 J
702 468 752 516 ovi.

215 546 264 597 sed
272 546 347 594 timeo
358 556 364 594 t
376 542 521 608 quotiesque
531 542 593 591 subit
602 540 734 590 miserabile
744 541 834 590 bellurn
847 571 856 599 ‚

251 618 325 667 More
334 616 395 667 nivis
404 616 517 681 lacrymae
528 614 577 669 sole
587 614 706 664 madentis
716 625 785 663 eunt.

214 692 277 743 ilion
289 691 314 742 &
325 690 440 739 Tenedos
452 721 460 746 ,
470 688 622 755 Simoisque,
638 688 664 737 δι
675 686 771 737 Xantus
785 688 811 737 &
822 685 867 737 lde
878 718 888 747 ,

251 764 354 814 Nomina
366 764 418 812 sunt
428 761 479 827 ipso
489 779 558 828 paene
567 762 673 811 timenda
681 760 750 809 sono.

14 826 15 877 i
65 831 74 838 ”
172 856 201 906 55
215 841 269 890 Nec
284 852 369 903 rapere
386 836 501 893 ausurus,
515 836 560 885 nisi
575 836 599 885 se
614 834 747 884 defendere
755 832 851 900 posset,

251 910 347 977 Hospes
360 921 413 959 erat
424 925 431 959 ε
443 909 507 958 vires
524 920 627 958 noverat
642 909 683 957 ille
698 908 759 958 suas.

213 986 341 1043 Venerat,
354 990 381 1032 ur
391 982 453 1031 sarna
463 982 514 1041 est,
526 983 603 1052 rnulro
615 981 747 1047 spesiabilis
756 997 833 1040 auro,

250 1057 349 1124 Quique
360 1056 402 1106 suo
416 1054 532 1124 Phrygias
546 1072 649 1123 corpore
658 1056 735 1104 ferret
746 1070 816 1119 opes.

215 1130 292 1183 Classe
306 1131 411 1197 virisque
426 1142 583 1195 potens,per
593 1144 644 1195 quae
653 1129 705 1178 sera
714 1129 779 1178 bella
788 1138 921 1197 geruntur:

169 1207 203 1260 60
251 1205 282 1255 Et
292 1204 397 1271 sequitur
407 1204 474 1271 regni
485 1218 540 1271 pars
549 1216 726 1269 quotacumque
733 1202 777 1252 sui.

212 1278 257 1330 His
271 1294 318 1345 ego
331 1289 357 1328 te
370 1276 470 1335 vistam,
491 1275 590 1326 consors
612 1276 701 1325 Ledaea
716 1274 825 1343 gemellis
841 1308 850 1334 ‚

249 1351 381 1417 Suspicor:
399 1352 451 1401 haec
463 1348 557 1399 Danais
572 1348 636 1415 posse
651 1364 743 1398 nocere
756 1362 827 1415 puto.

212 1424 320 1475 Hesiora
336 1424 499 1489 nescioquem
512 1422 598 1473 timeo.
614 1422 679 1472 Paris
690 1421 796 1472 Hectora
807 1421 871 1473 dixit

249 1498 337 1547 Ferrea
346 1496 473 1564 sanguinei
487 1497 551 1547 bella
559 1511 750 1545 moreremanu.

113 1592 114 1597 ¹
167 1572 199 1637 65
212 1570 333 1629 Hestora‚
346 1570 450 1637 quisquis
461 1570 480 1618 is
492 1568 540 1627 est,
552 1570 572 1619 si
584 1570 632 1619 sum
640 1569 685 1617 tibi
694 1584 765 1627 cara,
777 1579 887 1619 caveto:

203 1653 206 1661 '
247 1644 370 1711 Signatum
380 1642 479 1693 memori
489 1642 588 1707 periore
597 1658 685 1691 nomen
693 1642 767 1693 habe.

213 1718 286 1767 Hunc
297 1717 337 1767 ubi
343 1716 428 1767 viticis
439 1750 447 1775 ,
457 1716 520 1765 alios
529 1717 607 1765 vitare
615 1726 738 1764 memento
750 1730 758 1765 a

247 1790 278 1840 Et
288 1792 376 1840 nultos
391 1791 439 1839 illic
449 1789 567 1839 Heskorar
578 1787 625 1837 esse
635 1801 703 1855 puta,

210 1864 242 1915 Et
253 1864 327 1913 sacito
337 1864 416 1921 dicas,
429 1862 525 1929 quoties
535 1878 642 1929 pugnare
652 1860 764 1927 parabis,
787 1889 793 1896 ·

165 1954 200 2004 7o
247 1935 350 1987 Parcere
359 1952 397 1985 me
408 1936 477 2003 jussit
487 1935 615 1985 Laodamia
623 1935 677 1985 sibi.

210 2010 235 2061 Si
247 2010 333 2061 cadere
344 2010 461 2077 Argolico
476 2008 511 2059 fas
522 2009 556 2057 est
565 2009 607 2057 sub
616 2008 691 2057 milite
701 2006 819 2073 Troiam,

245 2083 283 2133 Te
295 2100 391 2151 quoque
399 2099 447 2132 non
456 2082 530 2131 ussum
540 2081 626 2148 vuinus
635 2082 741 2129 habente
749 2114 756 2137 ,
764 2080 846 2128 cadat.

165 2161 167 2167 ’
209 2155 303 2224 Pugnet
314 2191 322 2215 ,
340 2156 365 2207 δι
374 2155 488 2205 ‘adversos
498 2156 582 2205 tendat
591 2153 720 2203 Menelaus
728 2154 752 2201 in
763 2152 844 2202 hostes
856 2182 865 2211 ,

244 2231 280 2281 Ur
289 2230 366 2296 rapiat
376 2228 454 2279 Paridi
465 2262 471 2286 ,
484 2241 552 2293 quarn
565 2227 630 2277 Paris
640 2239 696 2277 ante
706 2226 759 2275 sibi.

160 2319 194 2371 75
208 2304 300 2362 larunt,
312 2300 336 2353 ἃ
347 2337 354 2361 ,
367 2300 439 2351 causi
449 2317 519 2368 quern
527 2302 616 2360 vincit,
625 2299 709 2363 vincar
720 2300 745 2349 &
755 2299 846 2349 armis:

244 2376 379 2426 Hostibus'e
389 2375 472 2426 mediis
480 2386 554 2441 nupta
562 2375 667 2439 petenda
675 2374 729 2424 viro
739 2372 782 2423 esi.

209 2449 284 2499 Causa
294 2462 335 2498 rna
344 2446 378 2498 est
385 2448 462 2514 dispar
472 2464 480 2498 r
490 2460 518 2499 tu
528 2446 620 2497 tanturn
631 2448 716 2497 vivere
725 2461 805 2513 pugna
816 2478 825 2506 ‚

244 2523 319 2588 Inque
335 2521 386 2587 pios
401 2522 504 2571 dominae
516 2521 581 2587 posse
593 2520 672 2571 redire
687 2522 761 2571 sinus.

206 2594 300 2647 Parcite
310 2628 317 2653 ‚
331 2592 436 2644 Dardani
441 2595 492 2653 dae,
503 2595 534 2644 de
541 2606 596 2653 tot,
606 2609 712 2661 precor,
720 2592 828 2643 hostibus
836 2589 880 2643 uni
888 2606 900 2651 ς

163 2669 197 2721 80
243 2670 281 2717 Ne
292 2684 359 2727 meus
369 2669 449 2717 exilio
460 2684 563 2732 corpore
570 2668 665 2736 sanguis
676 2680 725 2717 eat.

205 2738 263 2792 Non
276 2740 325 2800 est,
341 2756 411 2809 quern
423 2742 511 2791 deceat
519 2740 743 2790 nudo'concurrere
753 2739 842 2801 ferro,

242 2814 356 2879 Saevaque
368 2816 391 2863 in
406 2814 532 2881 oppositos
544 2814 641 2880 peciora
653 2814 718 2864 ferte
728 2812 804 2863 viros.

205 2888 301 2941 Fortius
310 2886 350 2937 iiie
360 2886 453 2953 potest,
464 2889 542 2937 multo
552 2884 606 2937 crim
615 2899 705 2955 pugnat
712 2901 805 2939 amore·

241 2960 308 3013 Bella
315 2974 401 3035 gerant
409 2961 463 3023 alii,
474 2960 620 3014 proteruus
630 2968 703 3012 annet.
725 3000 728 3004 .
761 2980 765 2986 ·
