2034 3709
138 226 191 302 60.
248 222 292 295 P.
319 224 502 302 Omma
526 224 754 295 Nasours
1003 262 1004 335 p

199 346 302 411 Semper
319 346 344 395 in
353 346 390 395 his
401 345 458 412 apti:
467 346 586 396 narrantia
597 346 673 395 verba
681 345 810 397 resistunt:
942 360 948 369 ·
1003 346 1004 401 l

237 417 359 468 Promtior
369 418 402 469 est
413 418 477 469 dulci
487 420 567 487 lingua
581 430 677 469 retenta
687 418 764 469 moral.

201 491 251 543 Sed
259 490 314 541 crim
323 490 402 558 Troja
413 493 488 551 subit,
500 490 603 541 subeunt
613 491 728 557 ventique
737 493 891 559 fretumque
902 499 920 545 :¹

238 564 299 631 Spes
310 562 374 615 bona
387 564 483 615 solicito
491 564 553 615 vina
564 565 654 614 timore
664 564 738 614 cadit.

141 652 174 689 12
178 654 191 701 5
202 638 259 688 lloc
270 654 383 705 quoque,
394 639 459 705 quod
469 638 537 690 venti
547 638 676 705 prohibent
686 638 753 687 exire
764 637 866 689 carinas
877 671 897 699 ,.

210 759 215 767 ,
239 711 284 761 Me
295 724 396 762 movet:
408 711 488 763 invitis
500 712 537 761 ire
552 710 641 777 paratis
651 712 728 777 aquis.

203 783 266 848 Quis
275 785 336 835 velit
344 784 369 833 in
378 786 476 851 patriam
485 818 493 843 ‚
503 796 579 835 vento
588 784 733 851 prohibente
742 816 751 843 ‚
760 784 863 835 reuerti
873 781 892 834 ἒ

238 857 263 907 A
276 857 352 923 patrii
360 860 448 926 pelago
462 858 517 909 vela
531 868 631 907 vetante
642 857 713 907 datis.

202 930 257 996 lpse
267 930 332 981 suam
341 948 390 980 uon
400 932 492 996 praebet
498 931 547 981 iter
558 930 687 997 Neptunus
697 930 727 979 ad
735 932 833 984 urbem.

144 1017 194 1070 130
241 1001 300 1067 Qud
306 1004 376 1055 'ruitis
388 1002 400 1053 l
411 1004 499 1055 vestras
511 1004 612 1071 quisque
621 1003 700 1052 redite
711 1003 811 1055 domos.

204 1075 337 1141 Quoruit'is
344 1112 352 1136 ‚
360 1076 442 1129 Daua'i
452 1075 562 1127 leontos
570 1076 651 1127 audite
661 1087 782 1127 vetantes.

240 1151 299 1200 Non
316 1148 387 1201 subiti
398 1150 486 1209 casile,
502 1150 605 1201 numinis
616 1148 656 1198 ista
669 1166 736 1199 mora
744 1149 788 1200 est.

205 1221 463 1291 Quidpetiturtanto,
477 1222 523 1273 nisi
531 1222 605 1289 turpis
614 1222 722 1273 adultera
734 1223 846 1281 ,bello?

242 1297 309 1346 Dum
318 1299 392 1356 licet,
405 1296 510 1347 lnachiae
519 1299 609 1345 vertite
624 1296 679 1345 vela
693 1306 770 1347 rates·

147 1385 176 1436 13
182 1387 195 1435 5
207 1369 255 1419 Sed
263 1370 320 1436 quid
329 1386 377 1437 ego
386 1386 479 1430 revoco
487 1366 557 1421 hec?
567 1384 639 1419 omen
647 1366 786 1419 revocantis
797 1369 880 1421 abeslo
892 1379 912 1431 a·

206 1500 212 1508 ,
241 1442 380 1511 Blandaque
395 1444 540 1510 compositas
555 1458 613 1491 aura
630 1441 745 1491 secundet
760 1459 847 1509 aquas.

206 1512 311 1579 Troasin
321 1516 420 1567 invideo
432 1532 439 1568 ε
450 1532 503 1583 quae
516 1515 536 1567 si
551 1515 683 1583 lacrymosa
694 1516 790 1565 suorum

242 1590 336 1640 Funera
347 1590 513 1655 conspicient,
524 1604 569 1639 nec
577 1588 664 1655 procul
676 1588 748 1640 hostis
759 1590 806 1641 erit
815 1606 833 1651 a,

206 1662 260 1727 Ipsa
268 1661 314 1713 suis
324 1663 431 1713 manibus
441 1662 500 1713 sorti
510 1676 578 1711 nova*
585 1673 660 1727 nupta
671 1662 759 1712 marito

148 1752 198 1799 140
245 1734 356 1801 Imponet
365 1736 459 1804 galeam
468 1769 476 1794 ,
486 1736 633 1801 barbaraque
644 1742 707 1784 arma
719 1734 797 1802 <¹²¹³stae

206 1808 280 1857 Arma
287 1809 368 1859 dabit:
379 1808 481 1875 dumque
487 1825 552 1859 arma
559 1807 622 1857 dabit
630 1842 637 1866 ‚
644 1808 713 1864 simul
721 1808 802 1859 oscula
808 1807 909 1861 sumet&

243 1880 300 1932 Hoc
310 1898 387 1950 genus
398 1881 472 1933 officii
482 1883 553 1932 dulce
565 1882 659 1931 duobus
670 1881 726 1931 erit.

207 1952 379 2022 Producetque
387 1952 821 2014 vitum,dabiteimandatarevertir

243 2028 275 2079 Et
285 2028 361 2087 dicet}
370 2028 473 2079 Reseras
481 2027 524 2080 illa
531 2027 584 2077 sace
593 2043 657 2077 arma
669 2026 682 2077 J
686 2027 735 2076 ovi.

146 2117 196 2165 145
209 2101 272 2159 1110,
285 2102 366 2161 serena
377 2102 479 2153 dominae
487 2101 599 2166 mandata
608 2100 716 2149 recentia
726 2100 806 2151 secum
817 2132 831 2159 r

211 2230 215 2239 ,
244 2172 362 2242 Pugnabit
375 2174 463 2234 caute,
473 2174 633 2241 respicietque
648 2172 754 2223 domum.

207 2242 287 2297 Exuet
297 2248 348 2309 baec
361 2247 447 2297 reduci
457 2248 589 2318 clypeum,
602 2247 741 2313 galeamque
754 2244 865 2297 resolvet
875 2275 891 2307 2
944 2266 948 2271 ’

244 2318 405 2386 Excipietque
420 2320 462 2371 suo
476 2320 574 2387 pestora
586 2318 640 2369 lassa
654 2320 716 2369 sinu.

208 2392 261 2442 Nos
271 2391 349 2443 sumus
358 2394 458 2445 incertae
471 2409 478 2443 τ
490 2409 535 2446 nos
544 2392 628 2446 anxius
638 2391 716 2441 omnia
727 2389 795 2459 cogit
804 2423 819 2460 ,¹
855 2418 858 2425 .

149 2482 200 2530 150
247 2464 310 2528 Quae
320 2466 414 2533 possunt
423 2464 491 2525 sieri,
502 2465 563 2516 sada
573 2477 658 2532 putare
669 2465 750 2518 timor.
836 2478 838 2484 “

209 2539 276 2590 Dum
289 2551 375 2591 tamen
385 2558 450 2590 arma
462 2556 533 2610 geres
547 2539 641 2591 diverso
655 2536 723 2591 miles
738 2538 764 2589 iu
781 2536 865 2599 orbe,
945 2580 948 2587 ⁴

197 2625 201 2629 '
213 2619 217 2627 '
246 2611 309 2675 Qu'ae
318 2614 408 2662 reserat
416 2613 497 2664 vultus
506 2612 539 2661 est
551 2612 607 2661 mihi
619 2629 674 2661 cera
684 2622 756 2665 tuoe..

144 2705 149 2714 ‘
210 2685 249 2739 Illi
262 2686 407 2747 blanditias„
420 2685 454 2736 illi
466 2686 509 2735 tibi
525 2686 605 2737 debita
617 2686 692 2736 verba

245 2760 355 2809 Dicimus
364 2776 375 2809 a
384 2760 508 2825 amplexus
521 2758 609 2824 accipit
618 2760 657 2808 illa
666 2774 744 2808 meos.
931 2732 939 2800 l

154 2847 166 2886 t
171 2850 184 2898 5
190 2849 203 2897 5
216 2833 298 2885 Crede
310 2832 384 2891 mihi3
396 2834 449 2898 plus
459 2832 509 2891 est,
520 2836 588 2897 quam
599 2830 663 2897 quod
673 2831 797 2892 videatur,
810 2826 892 2902 imago
902 2848 917 2885 ξ

246 2908 318 2960 Adde
334 2907 416 2958 sonum
431 2922 511 2968 cete,
527 2904 672 2963 Protesilaus
688 2904 749 2957 etita
