2034 3709
201 273 274 345 268
327 272 536 341 Orrm'r
561 272 815 343 Nasours

176 390 237 443 cum
247 390 341 440 dederit
348 392 483 457 lacrymas,
494 391 645 457 animumque
656 394 793 459 expleverit
802 410 893 461 aegrum
906 413 914 454 ς

142 483 192 533 130
238 466 282 514 ille
298 465 370 514 dolor
384 464 465 513 verbis
482 465 658 514 emoderandus
675 466 730 516 erit.

174 538 303 605 Temporis
313 554 351 587 ars
359 537 478 586 medicina
487 537 541 587 fere
551 537 601 587 est:
612 538 665 587 data
674 538 786 605 tempore
795 541 915 605 prosunt,

237 611 269 661 Et
285 611 341 660 data
354 626 404 661 non
418 624 476 676 apto
492 622 603 677 ternpore
620 611 675 660 vina
691 625 792 664 nocent.

200 683 268 749 Quin
284 686 356 735 etiam
371 683 490 733 accendas
504 684 582 743 vitia,
601 684 731 750 irritesque
745 684 878 745 vetando;

236 758 397 829 Temporipus
410 752 433 805 ¹si
447 773 498 805 non
514 756 654 825 aggrediare
670 756 726 808 suit.

141 851 151 886 r
157 849 169 901 3
175 850 189 899 5
200 832 286 898 Ergo,
304 831 345 884 ubi
360 829 422 879 visus
438 830 485 879 eris
502 831 587 880 nostrae
603 830 750 881 medicabilis
767 832 835 891 arti,

236 904 284 954 Fac
300 903 400 954 monitis'
413 902 491 969 fugias
506 903 556 952 otia
571 902 647 969 prima
662 905 731 959 meis.

200 977 281 1033 Haec,
296 991 325 1028 ut
334 993 399 1026 ames
409 1009 418 1034 ,
429 976 520 1025 iaciunt
531 991 538 1025 τ
551 976 623 1035 haec,
639 988 667 1025 ut
676 977 760 1027 fecere
772 1012 779 1037 ,
791 990 892 1029 tuentur
904 994 914 1033 a

237 1050 297 1099 Haec
314 1050 366 1099 sunt
382 1048 481 1116 jucundi
496 1048 568 1107 causa
582 1050 697 1116 cibusque
714 1052 779 1100 mali.

200 1123 260 1175 Otia
276 1124 296 1173 si
309 1124 401 1180 tollas,
418 1123 514 1189 periere
530 1122 656 1189 Cupidinis
673 1140 763 1183 arcus,

142 1216 191 1262 140
239 1197 423 1261 Contemraeque
438 1195 539 1261 jacent,
558 1196 649 1246 &sine
665 1197 740 1255 luce,
758 1197 838 1247 facer.

201 1270 282 1334 Quam
298 1272 408 1337 platanus
421 1268 479 1318 vino
494 1268 603 1337 gaudet,
621 1272 690 1335 quim
707 1271 812 1335 populus
829 1269 913 1331 unda,

207 1386 226 1399 .
238 1344 270 1392 Et
286 1349 356 1407 quarn
371 1341 456 1391 limosa
472 1359 548 1392 canna
565 1341 671 1408 palustris
687 1343 782 1400 humo;

199 1416 262 1465 Tam
277 1416 363 1466 Venus
382 1415 432 1464 otia
448 1428 511 1465 amat
529 1432 536 1465 ε
555 1416 595 1482 qui
612 1414 683 1466 finem
700 1416 786 1482 quaeris
804 1418 911 1477 amoris,

237 1486 334 1552 (Cedit
347 1504 415 1538 antor
427 1488 522 1555 rebus)
539 1504 579 1538 res
594 1504 639 1555 age
655 1504 662 1538 t
678 1500 744 1539 tutus
760 1488 819 1539 eris.

140 1579 188 1627 145
198 1560 330 1629 Languor,
353 1561 379 1611 δι
395 1560 517 1611 immodici
528 1561 574 1613 sub
591 1562 657 1611 nullo
672 1561 768 1611 vindice
785 1562 885 1623 somni,

235 1636 366 1700 areaque,
385 1634 412 1685 ἃ
427 1636 503 1683 multo
521 1646 630 1699 tempora
646 1634 723 1700 quassa
740 1651 830 1694 mero,

199 1708 310 1772 Eripiunt
325 1724 409 1757 ornnes
423 1708 507 1757 animis
522 1707 574 1757 sine
590 1709 691 1757 vulnere
707 1723 819 1759 nervosa

235 1780 320 1830 Affluit
334 1780 436 1830 incautis
450 1778 678 1847 insidiosus'Amot.

199 1854 323 1903 Desidiam
339 1869 400 1921 puer
415 1852 457 1903 iile
471 1852 537 1918 sequi
554 1852 633 1911 solet,
650 1853 701 1902 odit
717 1865 842 1921 agentes:

140 1943 190 1992 150
235 1927 276 1976 Da
292 1944 375 1976 vacuae
391 1926 483 1985 menti,
502 1941 550 1993 quo
567 1936 698 1985 teneatur,
717 1942 789 1992 opus.

199 2000 261 2050 Sunt
276 2000 330 2050 fora
344 2016 351 2049 ι
364 1998 418 2049 sunt
433 1999 501 2067 leges
515 2015 523 2049 t
539 1998 608 2058 sunt,
627 2016 687 2064 quos
701 2002 810 2059 tuearis,
829 2000 917 2055 amici.

236 2073 306 2125 Vade
323 2090 367 2138 per
382 2073 479 2122 urbane
496 2071 596 2121 candida
611 2072 684 2122 castra
700 2083 776 2140 togae.

198 2146 248 2201 Vel
266 2157 293 2197 tu
310 2145 432 2213 sanguinei
446 2144 562 2211 juvenilia
579 2162 677 2195 munera
693 2144 781 2196 Martis

235 2219 354 2285 Suscipe:
372 2219 463 2268 delicia.
479 2216 527 2284 jam
543 2217 586 2268 tibi
601 2230 670 2286 terga
688 2218 786 2269 dabunt.

140 2307 188 2355 155
199 2290 265 2341 Ecce
282 2292 355 2360 fugax
371 2290 492 2350 Parthus,
514 2292 593 2359 magni
609 2308 673 2342 nova
688 2291 758 2342 causa
772 2292 914 2362 triumphi,
1006 2336 1007 2341 ,

236 2364 290 2417 Jarn
304 2365 374 2414 videt
389 2364 414 2413 in
428 2366 518 2431 campis
535 2364 636 2415 Caesaris
652 2382 716 2414 arma
732 2365 789 2415 suis.

198 2437 278 2493 Vince
294 2437 440 2503 Cupidineas
454 2438 545 2503 pariter
560 2437 708 2504 Parthasque
725 2437 848 2507 sagittata

235 2511 267 2560 Et
283 2510 350 2560 refer
363 2510 394 2559 ad
410 2511 501 2577 patrios
515 2512 570 2560 bina
583 2526 674 2577 tropaea
691 2510 764 2563 deos.

198 2585 236 2635 Ut
251 2583 324 2633 semel
337 2582 422 2633 AEtola
437 2583 523 2634 Venus
540 2583 601 2635 esta
617 2584 713 2651 cuspide
729 2584 807 2644 ἰείη

140 2656 190 2707 160
236 2656 338 2707 Mandat
352 2656 453 2705 amatori
466 2658 530 2706 bella
547 2658 652 2725 gerenda
668 2656 720 2707 suo.

199 2725 314 2796 Quaeritis
327 2725 472 2796 ,AEgisthus
487 2746 561 2795 quare
575 2731 606 2780 sit
621 2728 695 2779 fadus
712 2728 832 2783 adulteri

236 2804 263 2853 ln
280 2812 376 2869 promtu
392 2800 460 2851 causa
476 2802 510 2851 est
526 2819 533 2853 ε
552 2802 683 2854 desidiosus
700 2816 762 2856 crat.

200 2875 340 2943 Pugnabant
354 2874 395 2925 alii
410 2875 483 2925 tardis
497 2875 561 2941 apud
577 2876 639 2927 Ilion
655 2876 726 2927 armis
738 2892 749 2929 t

235 2948 400 3001 Transttderat
414 2950 479 3003 viret
495 2948 592 3003 Gracia
606 2962 660 3003 tota
676 2949 738 3003 suas.
