2034 3709
139 218 199 281 rou
227 211 343 282 Aure
368 211 561 282 Ansium
587 216 626 287 L.
652 220 683 288 Ι.
712 239 787 313 215

74 332 130 382 Nec
147 328 231 379 timide
247 329 362 397 promitte
377 346 385 380 t
400 332 499 383 trahunt
514 333 624 397 promissa
635 339 743 401 puellas.

114 402 229 453 Pollicito
246 402 318 453 testes
336 406 457 469 quoslibet
473 406 535 455 adde
550 407 632 457 Deos.

73 476 188 544 luppiter
205 492 237 526 ex
251 476 302 526 alto
318 474 425 542 periurio
441 479 505 531 ridet
520 478 660 543 omentum,

111 551 145 601 Et
161 549 232 615 jubet
249 546 347 600 AEolior
362 550 429 601 irrita
444 552 509 605 serre
526 554 618 605 Notos.

74 622 123 674 Per
140 623 217 691 Styga
232 622 324 675 Junoni
339 622 422 675 falsum
436 624 518 691 jurare
535 626 628 677 solebat
797 630 829 697 63
836 648 848 695 5

111 695 250 763 luppiter:
269 698 383 765 exemplo
398 715 461 749 nunc
478 700 545 750 lavet
560 700 609 767 ipse
625 699 679 751 suo.

73 768 182 836 Expedit
198 769 245 820 effe
260 770 331 821 Deos
347 786 354 822 t
373 771 417 831 δι,
435 784 463 823 ut
477 773 595 839 expedit,
612 773 661 825 ell'e
674 770 797 840 putemur.

111 843 214 893 Dentur
230 844 254 892 in
270 844 382 910 antiquos
398 857 452 895 tura
468 862 609 915 merumque
625 848 707 900 loros.

75 916 131 967 Nec
148 916 233 965 securo
247 917 315 981 quies
330 918 385 967 illos
400 919 531 985 sinillisque
549 920 630 985 sopori

111 990 218 1040 Detinet
233 1004 243 1041 t
258 990 363 1041 innocue
376 991 473 1051 vivitet
493 1010 583 1043 numen
598 992 672 1044 adest.
798 995 863 1058 640·

73 1061 182 1113 Reddite
202 1063 338 1127 depositum
354 1080 361 1115 t
376 1064 453 1131 pietas
469 1066 508 1115 sua
525 1066 618 1117 foedera
635 1068 735 1120 lervett

112 1136 188 1185 Fraus
205 1137 266 1187 absit
282 1152 290 1186 t
307 1154 395 1187 vacuas
412 1139 484 1189 credis
499 1140 588 1189 habete
604 1156 698 1191 manus.

75 1207 185 1268 Ludite,
203 1210 225 1259 si
241 1209 339 1275 sapitis,
357 1211 418 1261 solas
434 1210 531 1279 impune
547 1214 650 1278 puellas.

114 1280 168 1331 Hac
185 1282 260 1349 magis
277 1283 310 1333 eli
324 1283 371 1335 uni
384 1285 468 1335 iraude
484 1286 597 1351 pudenda
609 1285 680 1337 fides.

75 1354 162 1405 Fallite
180 1355 292 1407 fallentes
309 1372 317 1407 t
333 1372 365 1407 ex
380 1374 465 1425 magna
477 1370 547 1424 perte
562 1360 689 1425 profanum
799 1360 849 1424 645
891 1359 894 1364 ⁴

113 1428 176 1478 Sunt
193 1446 268 1495 genus
284 1446 291 1480 :
306 1430 331 1480 in
347 1432 466 1497 laqueos,
485 1448 546 1497 quor
562 1433 685 1497 posuere,
705 1433 801 1486 cadant.

76 1500 176 1553 Dicitur
193 1501 316 1570 AEgyptos
330 1504 427 1556 ceruille
444 1503 582 1569 juvantibus
599 1523 657 1555 arva

115 1576 252 1633 imbribus,
270 1588 342 1642 atque
357 1594 433 1629 annos
449 1578 514 1627 sicca
528 1578 595 1628 fuisse
609 1595 707 1628 novem.

77 1646 141 1697 edm
153 1648 275 1702 ,Thrasius
292 1650 386 1700 Busirin
402 1648 469 1710 adit,
490 1651 651 1718 monstratque
666 1650 726 1719 pieri

114 1720 224 1786 Hospitis
241 1721 315 1773 effuso
331 1724 444 1790 sanguine
458 1724 525 1789 posse
543 1722 640 1775 Jovem.
798 1725 852 1789 650

76 1794 116 1845 llli
133 1793 243 1853 Busiris,
263 1795 319 1847 Fiet
336 1796 403 1849 lovis
418 1796 492 1847 hollia
507 1798 617 1863 primur,

115 1868 196 1933 lnquit
212 1884 219 1918 ι
235 1870 260 1918 ὅ(
276 1867 386 1937 AEgypto
401 1881 429 1919 tu
442 1870 508 1920 dabis
526 1870 613 1936 hospes
631 1886 727 1937 nquam.

77 1939 109 1992 Et
126 1940 233 1993 Phalaris
248 1955 318 1993 tauro
333 1942 436 1993 violenti
451 1944 559 1993 membra
573 1942 656 1992 Perilli

115 2014 219 2065 Torruit
234 2030 241 2065 ε
259 2016 342 2065 infelix
358 2014 442 2065 irnbuit
459 2015 543 2065 audior
556 2032 629 2081 opus.

78 2086 159 2141 lullus
176 2100 279 2154 uterque
295 2088 359 2139 fuit:
376 2090 535 2155 nequeenim
552 2090 593 2139 lex
608 2084 699 2155 aquior
712 2086 782 2145 uile,
801 2087 852 2151 655

117 2160 198 2224 Quam
215 2162 281 2213 neeis
297 2160 401 2212 artifices
416 2173 468 2212 arte
485 2162 565 2228 perire
582 2161 632 2211 sui.

79 2232 166 2300 Ergo,
185 2245 213 2283 ut
228 2234 337 2301 perjuras
353 2233 440 2285 merito
456 2236 562 2302 perjuria
578 2234 683 2292 feliunt,

117 2306 237 2373 Exemplo
253 2308 335 2357 doleat
351 2307 439 2358 femina
456 2308 504 2357 lusa
522 2309 574 2359 suo.

79 2380 112 2431 Et
130 2382 244 2447 lacrymae
258 2380 380 2447 prosunt:
394 2382 506 2449 lacrymis
522 2382 648 2431 adamante
663 2380 792 2431 movebis:

118 2454 167 2503 Fac
184 2452 288 2503 madidas
305 2454 404 2513 uideat,
422 2456 442 2505 si
457 2466 548 2519 potes,
565 2455 704 2521 illigeris.
804 2452 857 2503 660

81 2525 106 2577 Si
116 2528 246 2593 lacrymae,
257 2544 337 2593 neque
348 2528 412 2577 enim
422 2529 523 2577 veniunt
532 2528 556 2577 in
566 2540 678 2592 ternpore
689 2526 802 2594 semper,

117 2599 265 2659 Deficient3
283 2599 353 2650 uuili
368 2600 455 2652 lumine
472 2612 546 2667 tange
561 2606 655 2651 manu.'

82 2672 145 2737 Quis
163 2674 256 2739 sapiens
274 2674 364 2723 blandis
381 2690 431 2723 non
447 2674 545 2724 misceat
562 2674 643 2726 oscula
656 2670 763 2724 uubis?

118 2746 161 2795 illa
179 2749 239 2797 licet
256 2762 306 2796 non
324 2747 385 2805 det3
405 2764 454 2796 non
473 2748 528 2797 data
543 2748 607 2798 sume
622 2759 714 2797 tamen.

13 2832 16 2879 l
82 2817 201 2885 Pugnabit
217 2817 294 2885 primd
311 2820 440 2879 fortassi33
459 2820 503 2878 &,
522 2822 655 2887 improbe,
672 2820 750 2871 dicet.
806 2817 858 2882 665

118 2892 254 2961 Pugnando
271 2893 335 2944 vinci
350 2893 392 2944 sed
406 2905 487 2944 tamen
501 2895 543 2944 ilia
558 2896 637 2946 volet.
