2034 3709
240 236 315 327 164
364 231 573 305 Orrutr
599 206 854 305 Aaronom

236 355 288 407 Aut
304 354 419 421 juvenum
436 352 538 402 comites
554 349 674 417 jussissent
690 350 727 400 ire
743 354 857 417 puellas,

273 429 300 477 Si
313 429 358 477 fuit
372 427 398 476 in
414 426 499 493 longas
514 438 579 475 tetra
596 424 697 475 secanda
712 423 772 475 vias.

235 503 300 552 Tum
317 495 393 557 mihi,
411 500 432 549 si
446 513 556 565 peterem
570 497 684 548 ventosas
700 497 812 549 horridus
827 498 924 566 Alpes,

192 589 227 625 20
274 570 441 639 (Dummodd
458 588 512 621 cum
529 570 650 639 domina)
667 572 740 621 molle
758 570 839 622 fuisset
855 576 911 625 iter.
1006 628 1007 639 γ

236 648 298 698 Cum
316 648 411 697 domina
425 645 532 713 Libycas
550 645 625 695 ausim
641 660 799 710 perrumpere
818 639 923 713 S'yttes,

141 782 148 788 .
271 722 304 772 Et
320 722 377 771 dare
393 736 443 770 non
458 718 532 784 aquis
547 719 602 767 vela
620 718 719 767 ferenda
735 719 812 769 notis.

234 795 293 845 Non
303 826 319 851 ,·
329 810 381 861 quae
395 792 507 860 virgineo
520 802 634 857 portenta
649 791 689 841 sub
706 790 805 858 inguine
820 792 928 853 latrant,

271 868 326 917 Nec
342 868 440 916 timeam
456 864 568 922 vestros,
587 880 660 914 curva
675 864 776 924 Malia,
798 865 885 917 sinus:

188 953 221 1002 25
234 942 292 991 Non
306 957 384 1006 quas,
401 938 529 989 submersis
546 938 637 987 ratibus
651 936 773 997 saturata,
793 937 930 1007 Charybdis

269 1014 376 1069 Fundit,
397 1012 423 1062 δι
439 1010 527 1061 effusas
540 1026 584 1061 ore
599 1009 708 1077 resorbet
722 1028 808 1077 aquas·
893 1074 901 1081 ἱ

232 1086 310 1151 Quod
324 1088 345 1137 si
360 1087 502 1151 Neptunum
519 1083 618 1134 ventosa
633 1083 742 1151 potentia
756 1084 858 1145 vineit,

230 1176 233 1184 ’
269 1162 302 1212 Et
315 1160 475 1211 subventuros
488 1157 585 1207 auferet
600 1157 663 1207 uuda
677 1158 769 1217 Deos;

231 1234 274 1285 Tu
289 1233 374 1284 nostris
387 1234 474 1283 niveos
489 1231 593 1281 humeris
610 1232 707 1296 impone
726 1232 846 1299 lacertos.

188 1315 222 1368 30
269 1306 382 1374 Corpore
400 1321 445 1356 nos
462 1304 528 1355 sacili
544 1304 614 1354 dulce
630 1304 735 1359 feremus
753 1322 824 1356 onus.

230 1380 321 1447 Saepe,
338 1391 426 1445 petens
441 1378 532 1436 Hero,
550 1377 644 1443 juvenis
661 1390 800 1429 tractaverat
816 1378 916 1436 ,undosi

266 1454 338 1503 Tunc
357 1469 455 1519 quoque
470 1450 605 1509 tractasset,
623 1450 663 1501 led
676 1451 715 1501 via
735 1467 801 1501 caeca
819 1452 879 1502 fuit.
1006 1454 1007 1457 ’

230 1524 265 1576 At
280 1527 333 1577 sine
350 1538 397 1583 te,
416 1525 524 1592 quamvis
540 1524 638 1589 operosi
654 1524 743 1575 vitibus
760 1526 813 1593 agri

266 1599 311 1650 Me
326 1611 444 1657 teneant,
460 1598 567 1664 quamvis
584 1597 691 1647 amnibus
707 1614 764 1647 arva
781 1610 892 1659 natent,

187 1682 218 1734 35
230 1672 263 1723 Et
279 1685 354 1723 vocet
370 1672 396 1722 in
411 1672 477 1723 rivos
493 1684 620 1737 parentem
635 1671 736 1721 rusticus
751 1672 861 1731 undam,

266 1734 409 1813 Frigidaque
424 1745 538 1795 arboreas
554 1746 659 1794 mulceat
675 1760 731 1793 aura
747 1761 851 1803 comas3

228 1819 286 1873 Non
303 1835 352 1889 ego
366 1817 480 1887 Pelignos
497 1816 583 1869 videor
600 1818 725 1867 celebrare
738 1818 870 1877 salubres,

264 1887 322 1942 Non
338 1909 385 1960 ego
404 1893 527 1951 natalem,
549 1908 605 1941 rura
620 1903 738 1958 paterna,
756 1892 859 1949 locum3
937 1894 941 1902 '

227 1965 276 2017 Sed
283 1966 415 2034 Scythiam,
423 1965 559 2031 Cilicasque
570 1963 790 2033 feros,.vitidesque
801 1965 946 2025 Britannos,

181 2052 218 2100 40
265 2038 377 2106 Quaeque
390 2038 537 2089 Prometheo
554 2037 608 2088 saxa
627 2054 714 2089 cruore
731 2040 830 2090 rubent.

206 2150 209 2154 .
226 2112 312 2162 Ulmus
329 2124 391 2162 amat
406 2112 498 2170 vitem,
515 2112 571 2161 vitis
587 2128 637 2161 non
655 2110 742 2161 deserit
758 2113 869 2165 ulmum:
960 2172 964 2179 ¹

263 2186 369 2251 Separor
385 2202 399 2233 a
418 2185 515 2235 domina
533 2202 575 2235 cur
592 2201 639 2253 ego
656 2183 718 2251 saepe
735 2184 812 2236 mea?

226 2257 262 2307 At
277 2259 335 2309 mihi
350 2272 374 2309 te
390 2259 504 2309 comitem
520 2256 612 2324 juriras
626 2274 706 2327 usque
723 2257 847 2319 suturam,

261 2330 310 2382 Per
326 2348 383 2389 me,
403 2348 496 2397 perque
512 2332 616 2389 ocutlos,
634 2328 714 2380 sidera
730 2331 826 2393 nostra,
844 2346 913 2384 tuos.

181 2415 215 2464 45
226 2404 310 2456 Verba
327 2404 480 2471 puellarum,
498 2403 563 2455 foliis
578 2404 670 2453 leviora
687 2404 804 2463 caducis,

261 2477 352 2535 Irrita,
372 2475 420 2543 qud
434 2478 509 2527 visum
527 2476 578 2535 est,
596 2477 724 2529 ventus&
740 2478 803 2527 unda
821 2478 915 2532 serunt·

167 2604 170 2609 ,
226 2548 252 2601 si
268 2566 316 2616 qua
334 2550 382 2599 mei
398 2564 479 2600 tamen
493 2550 527 2601 esl
542 2551 567 2601 in
582 2562 608 2601 te
624 2551 663 2617 pia
682 2566 739 2601 cura
754 2551 851 2611 relicti,

262 2622 346 2689 incipe
361 2624 477 2688 pollicitis
494 2623 584 2673 addere
600 2622 660 2673 sosia
676 2623 744 2673 tuis:

224 2694 348 2762 Parvaque
359 2698 430 2761 quidm
439 2694 541 2761 primum
552 2696 697 2763 rapientibus
711 2695 791 2747 esseda
802 2698 916 2761 mannis,

181 2779 215 2828 50
260 2768 312 2834 lpse
328 2784 373 2835 per
385 2768 490 2819 admissas
508 2781 613 2819 concute
629 2771 682 2819 lora
698 2766 776 2832 jubas.

224 2841 259 2891 At
273 2858 338 2899 vos,
357 2843 405 2907 qua
419 2842 522 2901 veniet,
542 2842 627 2891 tumidi
643 2841 757 2897 subsidite
772 2856 895 2897 montes:

259 2913 291 2965 Et
305 2914 390 2967 faciles
409 2914 488 2996 curvis
503 2916 604 2969 vallibus
622 2913 671 2969 este
686 2916 742 2969 via.
