2034 3709
210 278 283 355 150
335 257 546 331 oman
574 257 825 331 Aaronem

205 382 265 431 Nou
279 380 345 429 oculi
359 392 457 429 tacuere
473 378 529 437 rui3
546 377 731 445 conscriptaque
748 378 807 428 vino
866 409 868 412 -

172 464 173 467 ’
243 452 354 503 Mensa.
347 469 355 482 ·
372 469 417 502 nec
432 453 456 501 in
475 452 557 521 digitis
571 452 642 502 litera
659 452 724 500 nulla
741 451 798 502 luit
999 509 1000 514 p

208 528 350 577 Sermonem
366 527 474 595 agnovi,
494 524 513 610 (.
522 525 579 593 quid
595 542 645 575 uon
659 524 773 575 videatur
787 539 900 577 amanti.
872 523 930 594 ³)

163 612 198 650 20
242 602 375 671 Verbaque
391 616 436 665 pro
451 599 526 649 certis
539 596 599 665 julla
612 601 697 649 valere
711 599 787 649 notis.

207 672 309 739 Jamque
324 674 460 739 frequens
454 674 516 723 re'rat
529 670 613 722 mensa
627 672 731 722 conviva
744 670 862 726 remota:

245 745 402 821 Compositi
395 762 497 829 juvenes
513 762 575 797 unus
591 746 694 795 &alter
711 758 791 799 erant.

207 812 320 887 Improba
337 833 389 870 tum
404 816 488 870 verd
480 832 611 888 jungentes
628 819 710 869 oscula
725 818 786 871 vidi.

244 894 288 944 llla
302 894 360 943 mihi
375 892 455 961 lingua
472 909 535 943 nexa
551 892 619 943 fuiffe
634 894 722 959 liquet.

163 980 196 1031 25
208 965 296 1032 Qualia
312 984 358 1015 nec
375 967 442 1015 fratri
459 966 543 1016 tulerit
560 981 672 1034 germana
689 965 799 1025 severo3

244 1040 293 1091 Sed
311 1041 395 1093 tulerit
410 1040 499 1105 cupido
513 1040 595 1089 mollis
608 1040 683 1089 amica
696 1039 762 1090 viro'.

209 1114 299 1179 Qualia
316 1114 431 1163 credibile
449 1113 500 1172 est,
520 1122 566 1162 n'ec
581 1110 698 1163 Phoebum
713 1113 779 1163 ferre
795 1110 910 1172 Diauae3

246 1188 295 1238 sed
308 1188 434 1239 Venerem
450 1186 527 1237 Marri
544 1186 605 1255 saepe
620 1186 698 1236 culille
715 1186 768 1237 suo.

209 1260 276 1327 Quid
287 1260 370 1311 facis²
382 1263 510 1319 exclamo3
523 1257 571 1327 qud
581 1276 645 1309 nunc
655 1274 709 1309 mea
721 1260 808 1327 gaudia
821 1253 928 1309 defers?

165 1347 200 1399 30
246 1334 354 1401 injiciam
371 1334 502 1385 dominas
495 1352 520 1383 m
535 1350 588 1383 mea
604 1334 656 1400 jura
672 1350 766 1383 manus.

209 1408 269 1457 Haec
284 1407 327 1456 cibi
342 1408 390 1457 sint
407 1424 526 1458 mecum·
519 1445 526 1458 .
543 1408 600 1457 mihi
615 1409 665 1457 sint
680 1407 817 1457 communia
833 1419 928 1457 tecum.
978 1417 983 1430 ¹

246 1481 275 1529 ln
290 1482 352 1529 bona
368 1496 411 1530 cur
426 1481 548 1547 quisquam
564 1481 653 1531 certius
666 1480 706 1529 illa
722 1478 814 1530 venir?

208 1554 266 1603 Hoc
282 1570 348 1621 ego,
366 1570 470 1621 quaeque
487 1556 558 1605 dolor
572 1555 659 1622 linguae
674 1553 773 1604 dictavit
790 1568 798 1603 ι
814 1566 841 1603 at
853 1552 890 1603 illi

246 1627 349 1677 Conscia
365 1645 500 1695 purpureus
517 1628 624 1679 venitin
641 1644 684 1678 ora
700 1628 790 1693 pudor.

164 1716 178 1767 3
184 1717 196 1767 5
209 1701 289 1766 Quale
305 1702 439 1752 coloratum
456 1702 559 1751 Tithoni
575 1699 682 1769 conjuge
698 1702 788 1751 coeluru

244 1774 384 1831 Subrubet,
403 1787 443 1823 aut
459 1775 544 1840 sponso
560 1775 609 1823 vila
625 1776 707 1841 puella
723 1791 802 1825 novo.
862 1781 877 1809 ·‘

209 1847 295 1913 Quale'
306 1849 366 1899 rosae
380 1848 474 1915 fulgent
492 1848 556 1899 inter
571 1848 612 1898 sua
626 1849 676 1897 lilia
691 1848 795 1899 mix'tae:

247 1922 298 1972 Aut
314 1922 355 1972 ubi
372 1921 474 1971 cantatis
491 1920 559 1971 Luna
574 1922 670 1971 laborat
685 1923 774 1989 equis:

209 1994 260 2047 Aut
277 1995 359 2063 quod,
376 2012 407 2045 ne
422 1996 500 2063 longis
513 1995 646 2044 flavescere
660 1996 738 2060 possit
752 1996 783 2045 ab
800 1992 894 2053 annis,

163 2084 199 2131 40
245 2068 351 2120 Maeouis
368 2068 486 2135 Allyrium
503 2068 592 2118 femina
606 2069 679 2118 tinxit
694 2070 765 2119 ebur.
879 2118 884 2123 ,

208 2140 253 2193 His
269 2154 340 2201 erat,
358 2155 399 2191 auc
415 2141 486 2191 alicui
504 2144 573 2191 color
587 2142 629 2191 ille
643 2142 775 2192 simillimus
791 2142 902 2193 horum:

244 2214 275 2264 Et
290 2230 416 2282 numquam
430 2216 484 2265 casu
499 2216 623 2281 pulchrior
637 2215 678 2264 illa
692 2216 747 2266 fuir.

209 2288 337 2355 Spedlabat
354 2301 465 2338 terram:
480 2300 570 2339 terram
584 2288 690 2353 speum
706 2290 821 2339 decebat.

245 2357 330 2411 Maesta
344 2374 397 2412 erar
411 2363 435 2411 in
448 2364 542 2412 vultu:
558 2361 637 2411 maesta
652 2362 770 2412 decenter
784 2376 849 2414 erat

164 2449 197 2497 45
208 2432 277 2485 Sicut
294 2448 381 2494 erant,
401 2432 412 2499 (
427 2435 453 2484 dc
468 2447 537 2484 eraut
552 2436 631 2495 culti,
648 2437 660 2503 )
677 2436 767 2486 laniare
782 2438 909 2503 capillos,

245 2506 277 2557 Et
293 2508 361 2558 fuit'
353 2526 378 2558 an
394 2521 490 2558 teneras
507 2509 611 2575 impetus
624 2510 660 2558 ire
678 2527 764 2577 genas.

209 2580 246 2631 Ut
262 2580 348 2630 faciem
362 2582 430 2642 vidi,
447 2583 523 2632 fortes
540 2582 652 2633 cecidere
667 2584 773 2633 lacerti:

245 2654 352 2705 Defensa
371 2654 403 2704 est
419 2656 489 2704 armis
503 2656 582 2715 nostra
598 2657 679 2721 puella
694 2656 750 2707 suis.

211 2727 262 2793 Qui
276 2725 349 2779 modd
364 2726 439 2779 laeuus
451 2744 536 2788 eram,
552 2730 652 2796 supplex
666 2730 783 2797 ultroque
796 2728 906 2797 rogavi,

167 2815 200 2865 50
248 2802 337 2852 Oscula
352 2818 383 2851 ue
399 2801 468 2851 nobis
484 2801 606 2853 deteriora
622 2803 700 2854 daret.

213 2873 293 2934 Risit,
313 2876 339 2926 ὃ(
353 2892 384 2925 ex
398 2874 477 2924 animo
491 2875 558 2925 dedic
573 2876 655 2925 oscula
670 2894 678 2927 ε
692 2876 771 2943 qualia
783 2876 880 2943 pollent

246 2948 370 3001 Excutere
386 2946 448 2999 irato
462 2947 512 2999 tela
526 2948 624 3003 trisulca
640 2949 709 3004 lovi.
