2034 3709
179 219 428 327 Rnrtnnu
455 240 672 333 Anonrn
722 244 797 339 283

82 356 175 409 Tutius
191 358 244 418 est,
262 370 394 425 aptumque
409 358 502 426 magis,
521 360 645 412 discedere
661 378 743 428 pace,

121 431 205 497 Quam
218 443 305 497 petere
321 448 337 480 a
352 432 462 482 thalamis
480 433 583 501 litigiosa
599 435 653 485 fora
666 451 674 486 r
810 435 863 501 670

83 504 193 556 Munera
208 522 263 571 quae
280 505 396 563 dederis,
414 506 503 555 habeat
520 508 572 556 sine
589 508 632 557 lite
647 507 750 574 jubeto:

121 578 178 629 Effe
194 578 274 628 solent
289 595 376 646 magno
392 578 477 629 damma
494 581 586 630 minora
603 582 680 633 bono.

85 650 165 717 Quod
181 651 203 701 si
217 668 263 703 vos
279 652 365 718 aliquis
381 653 505 703 conducet
521 654 587 703 casus
603 654 627 703 in
644 670 739 713 unum,

121 726 213 777 Mente
227 742 321 775 memor
334 724 408 785 totis,
428 744 482 793 quae
497 728 578 777 damus
596 745 679 787 rnna,
698 742 767 779 tenes
782 724 791 733 ’

84 800 160 851 Nunc
177 815 239 865 opus
256 798 290 849 eli
304 802 393 850 armis:
407 798 465 859 bic,
483 799 499 849 ὂ
513 800 519 849 l
532 802 683 862 fortissime,
702 818 791 870 pugna.
802 800 844 867 ‘67
849 817 861 865 5
908 825 912 832 ¹

122 873 254 927 Vincenda
270 872 304 923 est
317 874 370 923 telo
386 871 540 924 Penthesilea
556 886 610 925 tuo.

6 977 7 1014 p
84 946 160 998 Nunc
176 946 335 1003 ribirivalis‚
353 962 417 995 nunc
432 947 516 996 durum
533 948 626 1007 limen,
647 948 753 1009 amanti,

122 1021 197 1071 Nunc
213 1019 297 1069 mediis
313 1020 414 1069 subeant
427 1020 493 1069 irrita
510 1022 585 1071 verba
600 1022 673 1072 Deis.

84 1093 142 1143 Nee
159 1109 281 1159 compone
294 1109 395 1150 comas,
414 1092 468 1159 quia
483 1093 517 1143 sis
531 1106 648 1146 venturus
666 1095 696 1145 ad
712 1094 798 1147 illam:

123 1168 181 1216 Nec
195 1180 256 1233 toga
271 1166 302 1215 sit
316 1168 373 1216 laxo
389 1166 560 1231 conspicienda
576 1168 639 1217 sinu.
811 1165 863 1218 680

85 1241 164 1291 Nulla
178 1240 211 1289 sit
227 1252 254 1289 ut
269 1241 366 1307 placeas
381 1240 467 1290 alienae
483 1256 541 1289 tuta
557 1242 663 1306 puellae:

123 1313 179 1365 Jam
195 1314 270 1365 facito
287 1330 301 1363 e
316 1312 396 1363 multis
412 1329 459 1362 una
474 1313 506 1364 sit
520 1314 560 1362 illa
576 1314 629 1365 tibi.
729 1310 732 1315 ’

86 1386 138 1439 Sed
157 1387 215 1453 quid
232 1386 353 1453 precipue
369 1385 453 1436 nostris
471 1386 597 1437 conatibus
614 1386 713 1447 obstet,

124 1461 253 1525 Eloquar3
272 1461 385 1527 exemplo
400 1476 520 1527 quemque
537 1461 642 1511 docente
659 1462 713 1513 suo.

6 1589 7 1594 ,
86 1532 230 1586 Desinimus
244 1533 331 1589 tarde,
350 1534 405 1599 quia
422 1550 466 1584 nos
483 1534 602 1599 speramus
619 1536 711 1585 amari:
811 1533 861 1597 685

124 1609 194 1658 Dum
209 1608 254 1657 sibi
268 1607 371 1673 quisque
386 1606 488 1671 placet,
506 1607 604 1657 credula
620 1610 689 1658 turba
704 1608 793 1659 sumus.

87 1680 124 1732 At
138 1694 167 1731 tu
184 1696 231 1731 nec
243 1696 320 1731 voces
335 1677 348 1745 (
362 1680 419 1747 quid
434 1680 497 1729 enim
512 1680 619 1730 fallacius
636 1682 682 1730 illis
695 1679 726 1748 l)

126 1755 232 1814 Crede,
248 1770 296 1804 nec
312 1765 418 1805 aeternos
432 1754 528 1818 pondus
544 1754 633 1804 habere
649 1751 730 1807 D'eos.

87 1828 163 1880 Neve
179 1829 315 1894 puellarum
330 1826 442 1895 lacrymis
455 1834 592 1888 moveare,
611 1840 719 1879 caveto:

71 1907 79 1913 “
126 1903 165 1953 Ut
176 1902 284 1965 flerent,
302 1901 388 1951 oculos
405 1900 516 1951 erudiere
534 1900 598 1952 suos.
813 1898 865 1965 690

88 1974 191 2029 Artibus
207 1974 336 2026 innumeris
352 1990 420 2024 mens
437 1985 590 2041 oppugnatur
605 1984 747 2032 amantnmt

126 2049 165 2100 Ut
181 2048 241 2115 lapis
256 2048 375 2115 aequoreis
391 2047 497 2113 undique
514 2046 594 2113 pulsus
609 2046 687 2114 aquis.

89 2124 146 2175 Nec
162 2124 244 2173 causas
260 2121 346 2187 aperi,
364 2138 438 2188 quare
454 2122 556 2171 divortia
572 2120 659 2171 malis:

127 2197 183 2246 Nec
200 2197 258 2255 dic,
276 2195 332 2262 quid
348 2195 451 2253 doleas;
470 2195 531 2244 clam
544 2205 625 2243 tamen
640 2208 717 2258 usque
734 2191 801 2244 dole.

88 2270 146 2321 Nec
162 2283 264 2336 peccata
278 2267 364 2327 refer,
380 2284 413 2318 ne
428 2268 503 2319 diluat
519 2283 526 2318 r
543 2268 592 2333 ipse
609 2266 702 2317 favebis
713 2270 728 2326 ,¹
813 2265 863 2331 695

128 2344 166 2393 Ut
180 2344 267 2393 melior
279 2341 352 2391 causi
367 2341 436 2391 causa
452 2340 484 2391 sit
497 2341 537 2390 illa
552 2339 603 2391 tul.

91 2416 145 2482 Qui
160 2418 235 2477 silet,
252 2415 285 2467 est
300 2413 382 2464 firmus
399 2430 406 2464 ε
422 2413 462 2480 qui
478 2414 536 2463 dicit
551 2414 626 2464 multa
642 2413 730 2480 puelle

128 2489 238 2549 Probra,
259 2486 367 2540 satisfieri
383 2488 486 2554 postulat
500 2486 542 2537 ille
558 2486 611 2537 sibi.

90 2566 152 2615 Non
166 2581 214 2633 ego
231 2562 348 2613 Dulichio
364 2560 461 2611 furiales
477 2576 545 2610 more
562 2560 678 2629 sagittas,

128 2638 184 2688 Nec
201 2638 294 2705 rapidas
311 2636 386 2685 ausim
402 2634 497 2702 tingere
511 2635 536 2683 in
552 2651 621 2685 amne
638 2634 714 2685 faces.
812 2646 864 2697 7oo

91 2712 146 2763 Nec
163 2728 209 2763 nos
225 2726 358 2778 purpureas
372 2709 442 2775 pueri
458 2709 616 2759 resecabimus
633 2708 702 2759 alas:

129 2786 184 2834 Nec
199 2786 266 2842 sacer
279 2796 331 2835 arte
346 2781 400 2832 mel
415 2782 492 2832 laxior
506 2798 576 2833 arcus
591 2782 646 2832 erit.

93 2858 228 2908 Consilium
242 2859 294 2917 eil,
310 2856 479 2924 quodcumque
495 2872 557 2905 cano
573 2865 676 2922 :parete
693 2850 809 2904 canenti:

129 2932 213 3000 thue
231 2933 309 2993 iacis,
327 2929 434 2997 coeptis,
451 2928 542 2980 Phoebe
560 2928 670 2985 saluber,
687 2926 755 3013 aries.
