2034 3709
201 240 280 314 254
329 220 539 292 Ονιυιι
564 185 855 292 Nasonis*

200 341 315 396 Parcite,
335 341 485 407 Cecropides
497 351 509 399 ,⁹
522 338 612 406 juranti
628 342 731 391 credere
748 342 874 391 Theseo:

236 415 307 477 Quos
323 414 398 464 faciet
414 413 506 473 telles,
524 414 584 463 fecit
599 414 625 463 &
641 426 716 472 ante,
735 416 834 481 Deos.-

198 488 231 537 Et
244 488 308 544 tibi,
326 486 513 553 Demophoon,
530 487 623 537 Thesei
638 488 743 544 criminis
760 488 853 547 heres,

135 560 190 621 460
236 559 347 627 Phyllide
365 560 487 625 decepti,
507 554 573 609 nulia
590 560 673 609 teli-‘ia
687 558 759 609 fides.
778 580 781 589 ¹
872 608 874 613 .

199 633 226 683 Si
242 635 306 683 bene
323 634 486 699 promittant,
502 632 608 681 totidem
624 634 760 698 promittite
777 634 885 684 verbis·

234 706 260 755 Si
278 706 408 764 dederint,
426 706 453 758 ὅ(
466 722 512 755 vos
529 706 615 773 gaudia
631 706 698 771 podia
715 706 783 755 date

198 780 252 829 llla
257 778 338 846 potest
352 780 434 847 vigilis
447 779 554 828 flammas
569 778 721 846 exstinguere
733 780 852 841 Vestae,

235 853 268 902 Et
284 867 371 917 rapere
387 868 402 902 e
416 853 533 918 templis,
551 852 656 911 inachi,
673 852 738 903 sacta
755 854 830 924 tuis;

26 914 29 919 ’
135 922 187 987 465
199 924 231 975 lit
246 926 306 975 dare
321 926 396 975 nrixca
413 926 467 975 vico
483 925 548 975 tritis
566 924 662 974 aconita
679 926 787 985 cicutis,

234 998 349 1083 Accepto
363 1000 489 1051 Venerem
504 1014 607 1051 munere
622 999 642 1047 si
657 1014 703 1064 qua
718 1012 806 1065 negat.

906 332 911 337 ’
999 328 1013 387 d

198 1071 261 1122 Fert
268 1088 360 1123 animus
375 1070 475 1139 propius
486 1071 639 1121 comittere·
632 1108 638 1121 .
652 1070 771 1137 supprime
789 1072 921 1131 habenas,
1012 1074 1013 1105 ³

236 1145 328 1204 Musa·
349 1161 396 1196 nec
411 1145 520 1195 admissis
538 1144 661 1194 excutiare
678 1145 749 1195 rotis.

198 1219 284 1268 Verbo
298 1219 387 1269 vadum
401 1230 499 1269 tentent
514 1218 623 1286 abiegnis
639 1218 726 1284 scripta
743 1218 864 1269 tabellis:

135 1303 192 1353 470
236 1292 349 1358 Accipiat
362 1290 439 1341 misas
452 1302 509 1360 apta
524 1290 628 1340 ministra
644 1302 728 1341 notas

198 1364 316 1429 inspice:
332 1365 446 1431 quodque
463 1366 552 1431 leges,
570 1364 672 1435 criptis
690 1358 780 1433 collige
796 1364 904 1423 verbis,

203 1438 344 1505 Fingat,
358 1454 391 1487 an
403 1452 436 1488 ex
451 1438 532 1487 animo
548 1430 701 1504 inlicitusque
714 1449 803 1505 roget

172 1505 275 1576 Postque
283 1512 383 1562 brevem
392 1510 497 1560 rescribe
505 1523 615 1559 motam·
609 1548 616 1560 .
626 1522 694 1561 mora
703 1510 797 1576 semper
806 1515 922 1560 amantes
1012 1530 1013 1541 ι

235 1584 344 1646 incitat,
362 1585 476 1651 exiguum
491 1582 515 1633 si
529 1580 602 1638 modd
618 1594 713 1651 tempus
730 1584 816 1633 habet.

137 1670 189 1721 475
201 1657 250 1708 Sed
265 1674 347 1725 neque
362 1670 389 1709 te
405 1658 503 1708 facilem
519 1656 604 1723 juveni
620 1657 735 1723 promitte
752 1656 871 1724 roganti:

236 1731 290 1780 Nec
306 1744 389 1781 tamen
403 1731 501 1789 eduro,
521 1730 587 1796 quod
603 1730 688 1795 petit,
704 1746 748 1779 ote
764 1746 838 1797 nega.

199 1803 248 1854 Fac
265 1802 350 1855 timeat
365 1804 493 1871 speretque
511 1804 583 1853 simul
592 1820 601 1861 3
621 1804 766 1869 quotiesque
782 1804 924 1862 remittes,

237 1878 347 1944 Spesque
361 1878 436 1947 magis
450 1877 639 1936 veniatcerta,
656 1878 782 1942 minorque
800 1888 894 1928 metus.
913 1937 915 1943 ,

199 1950 312 2009 Munda,
327 1950 503 2008 sedemedio,
521 1950 683 2015 consuetaque
695 1952 789 2007 uerba
808 1951 923 2016 puellae,

136 2019 191 2083 430
236 2024 367 2075 Scribitet
370 2024 497 2079 sermonis
512 2024 607 2089 publica
623 2023 700 2073 forma
712 2024 807 2094 placet.
911 2090 914 2093 Ι

199 2097 266 2148 Ah
259 2096 266 2131 ¹
282 2098 378 2181 quoties
392 2097 478 2147 dubius
494 2096 587 2163 scriptis
605 2097 694 2146 exarsit
710 2096 823 2147 amator!

236 2171 269 2220 Et
284 2171 370 2221 nocuit
383 2171 468 2221 formae
480 2170 580 2221 barbara
595 2170 674 2237 lingua
691 2168 782 2219 bonae!
910 2233 913 2237 ,

200 2244 248 2293 Sed
266 2244 396 2310 quoniam,
416 2243 524 2310 quamvis
540 2245 609 2293 vittae
625 2243 726 2293 careatis
741 2244 838 2293 honore
848 2274 862 2303 ,

237 2317 276 2365 Est
292 2317 362 2367 vobis
378 2317 470 2367 veihos
486 2317 571 2367 fallere
588 2334 645 2367 cura
661 2316 746 2375 vitos3

137 2387 189 2452 485
201 2390 418 2457 Amne-puerice
435 2407 517 2441 manus
536 2391 599 2441 ferat
614 2400 669 2456 apta
684 2391 813 2449 tabellast

237 2462 341 2531 Pignora
357 2480 403 2514 nec
420 2462 503 2530 juveni
519 2464 612 2514 credite
629 2462 705 2513 velita
720 2480 798 2515 novo.

199 2536 260 2590 Vult
275 2552 324 2603 ego
339 2539 460 2604 pallentes
476 2537 520 2588 isto
535 2547 631 2588 terrore
648 2538 743 2603 puellus

236 2610 365 2678 Servitium
381 2611 479 2663 miseras
493 2622 589 2697 tempus
605 2611 630 2661 in
646 2622 718 2662 omne
733 2610 797 2676 pati

110 2697 114 2702 ·
199 2682 309 2734 Perfidus
324 2672 367 2733 ille
385 2676 499 2750 quidem,
520 2702 560 2751 qur
553 2686 632 2735 talia
648 2686 747 2751 pignota
764 2685 870 2739 servat:
937 2728 941 2737 ,

136 2770 190 2822 490
235 2758 284 2809 Sed
300 2768 382 2807 tamen
398 2756 487 2808 AEtnaei
503 2756 608 2807 fulminis
627 2758 696 2809 instar
710 2759 833 2811 habel.¹

198 2830 287 2884 Judice
300 2848 359 2891 me,
376 2832 442 2881 fraus
458 2831 492 2881 est
506 2831 633 2891 concella,
649 2832 768 2897 repellere
784 2829 917 2889 fraudem:

234 2906 357 2974 Armaque
372 2906 397 2956 in
411 2916 519 2960 armatos
531 2904 623 2958 sumere
639 2904 693 2977 iura
708 2906 804 2963 shunt.
834 2952 841 2965 ,
