2034 3709
206 238 278 332 178
331 236 543 306 OVrnrr
568 216 823 307 Amorum

85 403 87 406 .
149 373 157 388 ²
189 356 336 409 ,Candidior
352 356 467 412 uvius,
481 364 541 403 tunc
557 349 610 403 cua
627 352 742 405 cecidere
758 368 876 408 recentes
890 372 904 417 a

241 432 268 480 ln
283 430 384 497 liquidas
399 429 506 480 noudum
522 443 582 493 quas
598 442 666 477 mota
680 429 756 477 vertit
771 446 857 495 aquas.

205 505 356 560 Candidior,
372 503 438 568 quod
451 502 531 550 adhuc
545 500 631 565 spumis
646 500 798 553 stridentibus
815 505 907 562 albet,

240 579 272 629 Et
289 576 364 627 modo
379 576 513 633 siccatam,
528 573 609 631 lade,
627 574 727 641 reliquit
743 592 827 625 ovem.

162 665 173 702 t
180 665 191 715 5
204 650 301 701 Taurus
315 662 370 700 mat
385 665 468 699 comes
482 647 539 697 huic
551 681 559 705 ,
578 646 674 697 felicior
689 648 733 699 ille
748 650 849 701 meritus
863 667 873 702 t

241 722 353 790 Cumque
369 724 410 773 sua
425 735 534 773 teneram
548 718 653 788 coujrrge
668 720 758 787 pressit
771 724 885 773 humum.

204 798 272 849 Dum
285 797 370 864 jacet,
391 796 418 846 ἃ
430 797 497 847 lente
514 806 640 846 revocatas
653 795 756 847 rumitaat
772 798 885 857 herbas,

241 872 325 938 Atque
339 871 428 920 iterum
442 868 509 935 patio
525 868 631 933 pascitur
643 880 702 921 aete
717 870 794 929 eibo;

203 944 283 999 visus·
296 957 368 1003 erat,
384 943 468 994 somno
481 942 547 992 sires
561 942 701 1001 adimte,
717 942 808 995 ferenti

161 1033 197 1068 ao
244 1015 405 1085 Cornigerum
420 1028 494 1066 terrae
512 1014 643 1080 deposuilie
660 1028 740 1081 caput.

206 1090 262 1141 Huc
276 1092 369 1141 levibus
387 1090 473 1141 cornix
487 1089 572 1154 pennis
590 1088 684 1155 delapb
700 1106 829 1155 peraratas

241 1163 342 1223 Venitt
361 1165 388 1215 bt
402 1164 428 1212 in
444 1160 514 1213 viridi
530 1164 625 1229 garrula
639 1162 699 1213 ledit
714 1163 800 1214 humo.

184 1296 190 1308 Ι
204 1230 306 1305 Terque
322 1239 393 1293 bovis
407 1238 486 1287 niveae
500 1236 620 1303 petulanti
634 1235 731 1301 peiiora
747 1236 827 1289 codro

241 1312 334 1369 Foditt
354 1312 381 1363 it
396 1312 507 1361 albentes
521 1308 615 1359 abstulit
631 1325 675 1359 ore
691 1308 771 1375 iubas.

154 1384 250 1447 *251112
266 1386 346 1434 locum
363 1397 505 1450 taurumque
523 1382 565 1433 diu
584 1382 694 1433 euastata
707 1382 828 1449 reliquit:

243 1457 292 1507 Sed
310 1458 379 1525 niger
392 1457 419 1507 in
432 1473 515 1507 vaceae
528 1456 628 1521 peiiore
641 1456 705 1505 livor
722 1469 785 1507 erat.

207 1530 293 1596 thue
306 1531 394 1597 procul
409 1530 471 1580 vidit
488 1542 616 1595 carpentes
632 1530 720 1595 pabula
735 1542 842 1589 mucosa

242 1603 405 1670 (Carpebant
419 1603 483 1654 tauri
498 1604 585 1667 pabula
602 1604 659 1653 leta
671 1605 758 1668 prouti
770 1604 802 1670 t)

205 1678 268 1729 llluc
284 1678 308 1727 se
322 1678 420 1743 rapuit,
436 1677 598 1745 gregibusque
611 1676 737 1727 inunisctrit
749 1678 822 1735 illisa

161 1764 195 1817 30
242 1750 273 1799 Et
290 1752 359 1816 petiit
374 1751 455 1801 berboe
471 1750 596 1801 fertilioris
612 1750 718 1800 humum.
1015 1776 1016 1799 l

205 1823 270 1883 Dic,
282 1841 343 1893 age,
354 1824 491 1881 aoiiurne,
502 1824 648 1889 quicumque
659 1840 702 1881 es,
711 1822 821 1890 bangius
831 1838 925 1891 augur,
1015 1873 1016 1886 q

243 1894 294 1961 (Si
308 1898 366 1964 quid
382 1899 472 1948 babeat
485 1898 557 1957 veri,
574 1898 585 1965 )
601 1896 650 1946 vila
666 1896 722 1963 quid
738 1896 780 1947 'eia
797 1897 889 1947 ferant.
1015 1892 1016 1919 ³

205 1970 246 2021 sic
261 1988 328 2038 ego,
347 1972 470 2021 noiiurnae
488 1971 524 2021 sic
543 1971 602 2020 dixit
616 1970 724 2037 imaginis
739 1987 836 2039 augur,

240 2042 385 2111 Expendens
402 2044 480 2095 animo
496 2045 590 2111 singula
605 2043 654 2093 visa
671 2043 736 2093 suo:

163 2128 196 2183 35
208 2115 288 2180 Quem
304 2131 332 2169 tu
348 2119 476 2169 mobilibus
489 2118 554 2167 foliis
569 2118 649 2167 uitare
662 2119 785 2176 volebas,

242 2190 291 2240 Sed
306 2194 368 2242 male
383 2193 495 2250 vitabas,
514 2191 581 2241 aestus
597 2191 684 2239 amoris
701 2202 761 2247 erat.

204 2263 289 2317 Vacca
304 2267 384 2331 puella
400 2278 441 2316 tua
457 2265 491 2315 est
509 2282 516 2315 t
532 2278 601 2331 aptus
619 2266 688 2317 color
705 2266 745 2315 ille
759 2265 870 2331 puellas

242 2335 282 2385 Tu
298 2338 355 2397 vir,
376 2338 401 2389 bt
418 2342 443 2387 in
460 2356 536 2389 vacca
554 2355 666 2404 compare
680 2350 761 2389 taurus
780 2354 845 2389 eras.

205 2406 306 2459 Peiiora
322 2412 386 2477 quod
402 2411 480 2462 roliro
497 2413 582 2463 cornix
597 2411 705 2462 fodiebat
719 2425 815 2470 acut05

159 2496 195 2542 40
241 2482 365 2549 ingenium
383 2484 484 2538 dominae
502 2486 557 2535 lena
574 2484 682 2535 movebit
699 2502 768 2535 anus.

206 2552 281 2619 Quod
296 2558 405 2607 cuniiata
421 2559 461 2608 diu
477 2572 571 2609 taurum
588 2558 628 2609 sua
644 2574 719 2609 vacca
735 2556 854 2625 reliquit;
895 2553 896 2559 ¹

241 2625 350 2695 Frigidus
366 2620 391 2680 iii
406 2632 482 2681 viduo
501 2630 630 2683 destituite
646 2643 713 2682 toro.

205 2700 300 2759 Livor,
319 2703 345 2753 ὃ(
364 2704 464 2755 adverso
480 2708 580 2757 maculae
596 2706 637 2755 sub
648 2705 753 2771 ‘peiiore
771 2704 868 2776 nigrae,

175 2802 178 2805 ·
239 2773 325 2826 Pedus
340 2776 453 2828 adulterii
468 2778 522 2827 labe
539 2796 622 2831 carere
640 2790 740 2847 negant.

159 2860 192 2910 45
204 2847 308 2898 Dixerat
324 2849 443 2917 interpres
459 2867 466 2901 t
483 2852 564 2919 gelido
581 2852 638 2903 mihi
654 2852 745 2921 sanguis
764 2852 795 2901 ab
814 2868 859 2903 ore

239 2920 331 2990 Fugit.
349 2924 375 2976 δι
389 2936 446 2977 aute
461 2928 547 2978 oculos
564 2942 613 2979 nox
630 2925 693 2977 lietit
708 2928 756 2977 alta
772 2940 854 2979 meos·
