2034 3709
185 260 430 329 Ramanu
457 254 671 323 Anionis.
722 253 792 324 281

82 375 183 429 Perside
196 378 383 444 Demophoon,
402 374 483 428 surdas
498 374 617 423 clamabat
631 372 660 422 ad
675 374 769 424 undas:

121 451 254 517 Ruptaque
270 452 376 518 singultu
391 451 466 499 verba
481 447 588 517 dolentis
604 458 682 496 mant.

83 523 167 575 Limes
184 525 352 583 erat'tenuis‚
371 522 443 590 longi
460 518 596 570 subnubilus
613 518 715 579 umbrie,

121 596 184 661 Quo
201 598 257 647 tulit
273 598 314 647 illa
332 596 386 647 suos
403 596 433 645 ad
450 610 517 644 mare
532 593 594 658 saepe
611 593 697 659 pedes.
808 592 860 647 600

83 670 161 721 Nona
177 672 303 721 terebatur
318 671 410 720 miserae
426 667 474 717 via.
490 666 611 723 Videris,
630 666 728 733 inquiet

122 744 157 794 Et
172 743 263 809 speslat
279 759 366 793 zonam
380 742 468 809 pallida
484 740 545 789 fasta
562 738 636 790 suam.

85 814 182 883 Aspicit
197 816 223 867 δι
239 832 335 875 ramos,
349 816 442 866 dubitat
454 830 462 865 t
476 812 615 881 refugitque
631 812 697 879 quod
711 812 804 865 audet:
898 838 903 845 ⁸

122 889 158 939 Et
173 890 244 939 timet
261 905 268 940 z
285 890 311 940 ὃ(
328 890 416 957 digitos
432 888 462 937 ad
477 887 517 937 sua
533 887 596 936 colla
612 887 699 937 refert.

85 961 206 1019 Sithoni,
222 974 280 1012 tunc
297 962 365 1012 certe
380 963 469 1012 vellem
484 976 534 1011 non
550 959 599 1009 sola
615 958 714 1017 fuissem
809 957 859 1021 605

123 1036 185 1085 Non
201 1035 273 1085 ileres
287 1035 372 1100 positis
387 1034 516 1101 Phyllida,
536 1032 615 1087 ulva,
632 1034 717 1083 comis.

86 1105 209 1175 Phyllidis
225 1111 338 1174 exemplo
354 1107 450 1157 nimium
466 1107 559 1157 secreta
575 1106 679 1165 timete,

123 1181 194 1232 Laese
207 1182 245 1231 vir
260 1200 274 1231 a
289 1182 402 1239 domina,
419 1180 472 1231 laesa
487 1180 568 1245 puella
584 1179 648 1229 viro.

87 1254 235 1305 Praesliterat
250 1255 363 1322 juvenis,
381 1254 494 1321 quicquid
508 1268 563 1301 mea
579 1250 649 1301 Musa
664 1249 783 1319 jubebat;

124 1328 203 1395 Inque
218 1327 265 1379 suae
279 1340 353 1395 portu
367 1344 437 1395 paene
453 1326 531 1377 salutis
548 1335 610 1375 erat.
809 1324 862 1375 610

86 1402 207 1460 Recidit,
221 1413 248 1453 ut
265 1402 365 1469 cupidos
381 1402 444 1451 inter
459 1398 559 1449 devenit
576 1410 703 1451 amantes:

124 1476 178 1534 Et,
196 1492 249 1541 quae
265 1475 425 1534 condiderat,
442 1472 497 1524 tela
505 1472 615 1522 resumsit
631 1472 717 1523 Amor.

89 1548 114 1599 si
131 1549 186 1615 quis
202 1564 283 1607 amas,
305 1565 351 1599 nec
367 1549 423 1605 vis3
441 1547 517 1597 facito
534 1546 645 1613 contagia
661 1546 734 1597 vires.

124 1622 189 1671 llaec
206 1622 277 1672 etiarn
293 1622 378 1689 pecori
394 1620 456 1687 saepe
472 1634 563 1669 nocere
581 1618 667 1668 solent.

88 1694 158 1746 Dum
174 1695 280 1761 spestant
296 1697 362 1745 oculi
378 1694 464 1752 laesos,
483 1692 603 1742 laeduntur
621 1690 647 1741 δι
662 1690 727 1757 ipsi:
810 1689 860 1754 615

125 1767 256 1835 Multaque
271 1768 413 1834 corporibus
427 1765 570 1817 transitione
586 1776 686 1815 nocent.

88 1842 117 1893 ln
135 1842 192 1891 loca
207 1858 385 1909 nonnumquam
400 1840 471 1891 siccis
487 1839 580 1889 arentia
597 1838 674 1905 glebis

125 1914 168 1965 De
184 1932 262 1981 prope
276 1916 383 1966 currenti
398 1912 496 1963 flumine
512 1921 591 1960 manat
606 1926 676 1976 aqua.

89 1988 179 2039 Manet
193 2004 261 2040 amor
276 1988 373 2047 tesius,
390 1987 413 2037 si
426 2001 478 2037 non
490 1986 520 2035 ab
534 1994 629 2033 amante
644 1980 767 2034 recedes:
859 1979 861 1984 ’

124 2062 258 2129 Turbaque
272 2061 296 2111 in
310 2063 359 2112 boc
374 2077 458 2111 ornnes
473 2056 596 2126 ingeniosa
609 2056 697 2106 sumus.
809 2053 862 2107 620

88 2137 162 2188 Alter
178 2136 237 2185 item
252 2134 300 2201 jam
317 2135 386 2185 sanus
402 2146 475 2190 erat3
493 2130 582 2182 vicinia
598 2128 659 2179 laesit
673 2144 681 2179 ε

127 2204 263 2259 Occursum
281 2208 384 2259 domine
398 2223 449 2256 non
463 2206 521 2256 tulit
535 2206 576 2253 ille
592 2202 649 2251 suae.

89 2284 188 2339 Vulnus
204 2283 229 2331 in
243 2282 366 2348 antiquum
380 2280 455 2331 rediit
468 2277 531 2328 male
546 2275 614 2327 firma
630 2272 752 2333 cicatri13

126 2354 314 2421 Succeffumque
329 2365 395 2405 artes
410 2368 461 2403 non
475 2352 582 2401 habuere
597 2363 668 2399 mea.

90 2428 217 2479 Proximus
233 2444 247 2477 a
263 2426 333 2479 testis
349 2426 410 2495 ignis
426 2424 566 2475 defenditur
579 2434 687 2491 θετον
773 2452 781 2465 r

127 2501 197 2553 Utile
212 2499 316 2551 finitimis
332 2498 463 2549 abstinuisse
477 2498 549 2548 locis.

90 2576 163 2633 Nec,
179 2590 233 2641 quae
248 2575 313 2624 serre
329 2574 391 2624 solet
404 2570 544 2637 spatiantem
559 2566 668 2637 porticus
683 2567 769 2628 illem,

128 2648 168 2698 Te
183 2648 247 2697 serat
262 2663 270 2698 e
287 2644 393 2696 officium
409 2661 472 2695 neve
487 2646 581 2693 colatur
595 2640 668 2691 idern.

91 2720 162 2789 Quid
177 2719 246 2786 juvat
258 2720 382 2770 admonitu
398 2718 504 2784 tepidam
519 2715 669 2767 recalescere
683 2707 810 2764 mentem?

129 2793 220 2852 Alter,
237 2792 259 2843 si
273 2793 371 2860 possis,
390 2792 455 2842 orbis
470 2791 596 2841 habendus
609 2788 665 2837 erit.
812 2783 864 2849 630

93 2868 151 2919 Non
168 2867 240 2917 saclle
257 2866 363 2917 esuriens
376 2864 457 2931 posite
470 2864 608 2915 retinebere
625 2857 727 2911 mensi:

129 2940 161 2993 Et
176 2942 275 2993 multam
291 2939 376 2991 saliens
392 2938 477 2989 incitat
491 2937 555 2989 unda
572 2935 646 2986 sirim.
