2034 3709
227 212 276 288 16
331 214 374 283 P.
401 212 587 286 Orrnrr
612 216 833 289 Naroma

223 332 262 383 Te
277 346 333 387 tuur
345 335 386 387 iste
396 337 480 404 rigor,
492 334 613 402 positique
624 336 675 385 aine
686 348 738 385 arte
749 336 847 404 capili,

260 408 293 457 Et
303 409 364 459 levis
375 411 475 478 egregio
485 408 564 474 puhris
575 410 600 458 in
610 424 653 458 ore
664 409 746 469 decet.

223 478 281 530 Sive
291 480 380 533 ferocis
391 484 447 549 equi
457 482 569 532 laetantia
580 481 642 531 colla
652 498 786 541 recurram
821 518 823 522 -
931 521 934 525 -

178 551 213 603 80
260 552 355 621 Exiguo
365 554 442 605 denos
452 556 525 605 miror
534 555 558 604 in
569 555 629 604 orbe
640 556 725 619 pedes.

223 626 273 676 Seu
284 626 374 677 vastum
385 629 466 677 valido
479 640 579 693 torques
593 626 673 677 hastile
684 630 796 688 lacertor

262 698 314 751 Ora
324 700 393 751 ferox
404 700 429 750 in
439 701 463 750 se
473 700 541 750 versa
551 702 656 750 lacertus
666 701 749 751 hahet.

225 771 284 822 Sive
294 785 365 824 tenes
375 775 425 824 lato
434 774 553 823 venabula
564 790 653 823 cornea
664 773 746 833 ferr03

261 846 375 913 Denique
385 880 393 905 ,
405 846 484 896 nostra
492 845 561 911 juvat
571 847 660 895 lumina
670 880 678 906 ‚
688 844 800 913 quiequid
810 859 880 915 agari

179 906 211 971 85
225 918 266 970 Tu
275 921 350 971 modd
359 921 470 970 duritiem
480 918 547 969 silvis
558 920 653 986 depone
664 918 757 987 jugosis
769 936 778 971 t

262 993 319 1042 Non
333 993 381 1044 sum
393 992 493 1043 materii
502 993 572 1060 digna
582 994 662 1059 perire
671 992 723 1044 tud.

226 1063 294 1129 Quid
305 1064 373 1131 juvat
383 1066 492 1116 incindiae
506 1064 580 1115 studia
590 1082 706 1116 exercere
719 1066 804 1117 Dianae
813 1100 824 1128 ‚

263 1138 295 1189 Et
306 1140 401 1191 Veneri
413 1154 525 1189 numeros
537 1138 645 1205 eripuiffe
655 1138 732 1190 suos?

227 1210 303 1277 Quod
315 1226 382 1263 cerer
393 1212 485 1262 altered
494 1213 593 1279 requie,
606 1212 712 1263 durabile
723 1211 826 1263 nonest.

178 1288 214 1342 90
263 1284 323 1334 Haec
333 1297 429 1351 reparat
438 1287 502 1335 viret
512 1319 521 1341 ‚
532 1284 636 1351 fessaque
646 1286 750 1335 membra
761 1297 846 1336 novat.

225 1356 305 1407 Arois
313 1355 344 1421 ,(
355 1359 512 1411 &armature
522 1356 567 1407 tibi
577 1358 629 1408 sunt
638 1358 750 1409 imitanda
758 1358 844 1407 Dianae
851 1359 883 1427 ,)

263 1430 290 1479 Si
299 1447 425 1497 numquam
435 1430 510 1481 cedes
520 1431 622 1482 tendere
632 1463 640 1488 ‚
650 1432 728 1481 moltis
739 1432 793 1481 erit.

226 1502 313 1553 Clarus
329 1518 383 1555 erat
392 1506 457 1554 silvis
469 1505 606 1570 Cephalus,
618 1507 747 1571 multaeque
755 1520 800 1571 per
809 1505 912 1555 herbam

265 1576 429 1627 Conciderant
438 1612 446 1637 ‚
454 1579 497 1627 illo
503 1578 671 1643 percutiente,
683 1577 757 1627 ierae:

179 1661 213 1714 95
228 1650 282 1699 Nec
297 1662 377 1700 tamen
390 1650 493 1701 Aurorae
506 1650 567 1699 male
579 1650 602 1699 se
611 1651 733 1717 praebebat
742 1651 880 1701 amandum.

203 1746 207 1753 ·
263 1723 317 1773 lhat
328 1724 357 1772 ad
372 1725 435 1774 hunc
448 1725 539 1789 sapiens
553 1740 567 1771 a
580 1724 635 1773 sene
648 1724 712 1773 Diva
725 1724 788 1773 viro.

227 1794 314 1860 Saepe,
329 1796 372 1846 sub
386 1798 478 1847 iiicihus
488 1796 613 1846 Venerem
624 1795 761 1863 Cinyraque
773 1810 903 1857 creatum,

263 1869 377 1920 Sustinuit
389 1871 481 1935 positos
496 1870 609 1935 quaelibet
621 1870 696 1919 herba
709 1870 781 1921 duos.

226 1940 294 1991 Arsit
306 1943 331 1993 δι
342 1942 440 1992 (lnider
451 1944 477 1991 in
488 1942 602 1991 Maenalia
612 1940 738 1993 Atalanta.

165 2030 215 2066 100
263 2016 307 2065 ilia
318 2015 375 2066 fetae
386 2016 502 2082 spolium,
514 2015 599 2081 pignus
609 2016 696 2066 amoris
706 2049 713 2073 ,
725 2016 808 2066 habet.
880 2056 882 2061 .

226 2089 281 2138 Nos
291 2104 390 2155 quoque
401 2089 447 2154 jam
455 2085 558 2155 primirm
566 2089 636 2137 turha
647 2105 799 2139 numeremur
809 2090 834 2137 in
846 2088 901 2143 itta.

264 2161 289 2210 Si
299 2163 423 2213 Venerem
433 2162 514 2219 tollis,
528 2160 613 2210 rustica
627 2160 687 2211 siha
697 2173 737 2211 tua
748 2161 791 2211 est.

227 2235 279 2300 lpia
292 2250 375 2284 eomes
386 2235 480 2283 veniam
494 2250 502 2283 a
517 2249 562 2283 nec
572 2249 610 2283 me
622 2233 737 2283 salebrosa
747 2236 885 2285 movebunt

264 2306 343 2365 Saxa,
359 2324 406 2356 nee
417 2308 515 2373 obliquo
526 2306 599 2356 dente
609 2306 727 2357 timendus
738 2324 805 2373 aper.

164 2388 196 2437 16
201 2400 213 2451 5
226 2382 333 2445 AEqnora
343 2380 398 2430 bina
408 2381 456 2429 ruis
467 2392 607 2447 oppugnent
617 2379 725 2431 fluetibus
737 2380 843 2430 Isthmon
852 2412 864 2441 ,

263 2452 294 2502 Et
305 2453 384 2506 tenuis
398 2454 470 2503 tellus
484 2452 551 2502 audit
564 2464 691 2519 utrumque
706 2469 794 2509 mare..

227 2524 276 2576 Hic
285 2537 366 2574 tecum
377 2524 497 2576 Troezena
510 2526 587 2575 ceiam
597 2559 605 2585 ,
617 2523 722 2575 Pittheia
732 2542 806 2594 regna
817 2539 826 2577 t

264 2597 317 2649 Jam
332 2614 398 2647 nunc>
410 2597 443 2647 est
456 2598 533 2664 patrii
547 2599 636 2665 gratior
645 2598 686 2647 iila
701 2598 762 2648 med.

226 2670 350 2737 Tempore
361 2670 439 2729 abest,
449 2671 575 2737 aberitque
585 2671 625 2721 diu
635 2672 771 2737 Neptunius
785 2672 860 2723 heroe
870 2690 882 2727 t

166 2754 217 2793 110
264 2744 334 2809 llhrm
346 2742 448 2793 Pirithoi
466 2744 560 2794 detinet
572 2760 615 2794 ora
625 2743 669 2794 sui.

228 2816 360 2882 Praeposuit
372 2816 481 2867 Theseus
495 2815 506 2881 (
516 2818 590 2869 nisisi
599 2816 718 2867 manifesta
728 2818 865 2886 negamus)

223 2946 225 2950 ,
266 2889 400 2943 Pirithoiirn
411 2890 535 2952 Phaedrae,
549 2890 793 2961 l'irithoiimquetihi.¹
880 2942 885 2948 ,
