2034 3709
143 252 303 323 Lrnnn
328 252 376 321 ll.
402 252 590 327 Erum
615 252 706 327 XII.
735 272 810 351 159

91 371 148 439 lpse
161 386 254 439 roges,
269 370 377 440 Zephyri
391 373 491 425 veniant
505 373 531 423 in
546 373 621 424 lintea
635 374 698 428 soli:

93 466 97 477 ·
133 446 185 514 lpsa
202 445 245 495 tud
261 462 361 496 moveas
377 447 473 515 turgida
490 448 546 497 vela
562 464 644 498 manu.

97 517 190 573 Primus
208 534 256 587 ego
272 519 383 584 aspiciam
398 533 481 573 notam
497 522 528 570 de
545 522 618 571 litore
634 523 738 587 pintana

132 592 164 642 Et
181 593 277 651 dicam,
296 592 397 645 Nostros
413 594 513 647 advehit
526 593 566 643 illa
583 594 674 647 Deos:

96 665 269 733 Excipiamque
279 666 387 717 hnmeris
398 700 407 726 ,
424 667 450 717 δι
461 669 536 721 multa
546 668 599 717 sine
609 669 696 719 ordine
706 684 801 738 carpam
819 683 837 732 4
840 684 853 733 5

134 738 226 790 Oscula
244 755 252 790 ε
268 756 314 805 pro
329 740 409 791 reditu
426 740 522 791 vissima
536 752 595 791 vota
612 740 694 792 cadet.

97 810 173 878 Inque
188 813 239 862 tori
254 814 356 863 sormam
372 815 459 865 molles
473 814 611 865 sternentur
626 830 729 867 arenaee

131 885 163 935 Et
178 888 285 937 tumulus
300 887 386 937 mensae
404 888 505 953 quilibet
518 887 590 938 inslar
606 888 662 940 erit.

97 959 149 1009 illic
166 960 280 1025 apposito
296 960 401 1010 narrabis
417 963 491 1013 multa
507 962 605 1031 Lyaeo,

131 1031 203 1083 Paene
220 1035 252 1084 sit
267 1044 295 1083 ut
311 1034 397 1085 mediis
413 1037 499 1085 obrute
516 1036 583 1086 navis
599 1034 689 1102 aquist
820 1048 855 1098 50

95 1104 210 1172 Dumque
222 1107 253 1156 ad
263 1124 302 1157 me
313 1124 430 1175 properas
441 1143 449 1167 ‚
465 1124 511 1158 nec
521 1110 609 1176 inique
618 1120 730 1176 tempora
740 1106 816 1159 nodis
828 1141 837 1169 ,

130 1180 228 1230 Necte
245 1180 382 1247 precipites
399 1182 532 1233 extimuisse
547 1184 640 1233 Notos.

97 1250 185 1303 Omnia
202 1270 249 1321 pro
265 1254 330 1306 veris
348 1256 462 1315 credam,
482 1257 532 1307 sint
548 1255 601 1307 sidia
618 1255 713 1306 licebit.

131 1325 183 1377 Cur
202 1344 250 1395 ego
267 1345 317 1377 non
330 1328 395 1380 votis
411 1330 519 1380 blandiar
536 1329 585 1397 ipse
600 1327 685 1379 meisi

95 1396 154 1449 Haec
171 1400 230 1451 mihi
245 1404 314 1467 quam
331 1400 450 1469 primdm.
468 1404 533 1455 coelo
547 1401 701 1455 nitidissimus
715 1401 790 1461 alto,
822 1414 853 1463 55

128 1472 230 1525 Lucifer
247 1473 345 1527 admisb
361 1488 472 1543 tempora
488 1488 573 1543 portet
590 1492 665 1545 equo.
860 1485 865 1499 ⁴

124 1582 776 1659 m=fflk===aee

241 1704 500 1772 ELEGIA
550 1701 663 1767 XII.

94 1802 185 1919 Iu
202 1867 359 1934 triumphales
378 1867 467 1918 circum
482 1882 535 1940 mea
551 1876 663 1931 tempora
680 1861 764 1912 lautis

127 1934 239 1993 Vicimus
256 1958 263 1993 :
280 1942 304 1991 in
321 1940 402 1992 nostro
417 1940 450 1992 est
467 1956 527 1989 ecce
544 1938 652 1987 Corinna
670 1936 733 1985 sinu.

93 2011 172 2078 Quam
183 2016 236 2073 vir,
250 2032 320 2082 quam
332 2014 427 2074 tullos,
439 2019 509 2080 qna'un
520 2012 591 2077 janua
600 2008 681 2066 firma,
694 2019 733 2057 tot
741 2004 837 2065 hodes,

128 2088 265 2139 Servabant
274 2106 282 2147 ς
300 2106 331 2139 ne
346 2088 393 2157 qui
409 2087 487 2154 poffet
504 2088 534 2135 ab
550 2096 601 2135 arte
620 2082 684 2147 capi.

93 2160 153 2211 Haec
169 2161 203 2210 est
221 2162 346 2228 praecipuo
362 2160 461 2211 visloria
479 2160 553 2226 dignq
565 2157 707 2222 triumpho,
820 2168 834 2219 ς

69 2276 71 2279 .
127 2234 156 2285 ln
172 2252 239 2303 que,
260 2252 417 2302 quaecumque
435 2234 486 2291 eli,
504 2232 618 2300 sanguine
633 2228 714 2296 praeda
729 2235 809 2277 taret.

93 2308 149 2359 Non
162 2309 270 2359 'humiles
287 2308 367 2367 muri,
387 2325 437 2357 non
452 2307 532 2373 parvis
548 2305 636 2371 oppida
650 2301 723 2352 fossis

128 2382 235 2442 Cinsla;
254 2382 295 2433 sed
312 2382 345 2432 est
363 2382 434 2432 duuu
450 2392 520 2445 capta
535 2379 616 2445 puella
632 2392 699 2425 meo.
738 2444 745 2457 ‚

93 2453 209 2524 Pergama
226 2454 280 2505 edm
296 2456 432 2513 caderent,
448 2455 515 2503 hello
532 2452 641 2517 superata
655 2445 748 2499 bilustre
757 2461 767 2504 ;

128 2530 166 2580 Ex
179 2542 237 2589 tot,
256 2530 280 2579 in
296 2529 381 2580 Atrida
396 2545 451 2595 pare
471 2539 546 2594 quota
561 2524 638 2574 laudis
657 2519 738 2571 erat?
820 2528 853 2601 lo

93 2602 126 2654 At
142 2620 196 2655 mea
213 2603 319 2671 seposita
334 2602 387 2662 est,
406 2603 432 2653 ἃ
446 2602 476 2651 ab
493 2598 559 2651 omni
575 2598 651 2648 milite
669 2592 754 2645 dissors

130 2677 217 2729 Gloria
233 2694 240 2728 ε
258 2694 306 2727 nec
320 2677 416 2731 titulum
432 2673 539 2739 muneris
556 2674 619 2723 alter
631 2671 716 2720 habet.
780 2734 787 2749 ·

93 2749 136 2800 Me
152 2752 235 2810 duce,
255 2752 285 2800 ad
302 2752 364 2801 hanc
381 2750 434 2801 voti
450 2748 542 2806 linem,
561 2762 601 2796 me
617 2745 716 2825 militeq
731 2750 809 2788 venet

129 2824 182 2890 lpse
201 2841 296 2889 eques,
315 2825 364 2889 ipse
380 2824 474 2891 pedes,
497 2822 599 2888 signifer
614 2819 664 2884 ipse
681 2816 726 2864 sur.

96 2896 151 2947 Nec
168 2897 248 2946 casum
265 2898 371 2949 fortuna
386 2899 445 2946 meis
462 2895 588 2946 immiscuit
606 2892 684 2941 attis:
822 2894 853 2947 ¹5

128 2967 186 3023 llud
202 2970 283 3032 ades,
298 2970 336 3024 d!
356 2970 435 3031 curi,
449 2982 519 3039 parte
534 2966 690 3031 Triumphe,
704 2955 778 3009 nel!
