2034 3709
127 234 293 303 arnan
320 234 352 303 1.
370 233 573 303 'Etiam
601 233 678 305 IX.
719 253 789 330 133

75 353 189 404 Munera
205 352 328 421 pracipu'e
341 353 443 412 videat,
461 351 619 419 quaemisetit
634 356 705 404 alter.

119 428 148 477 Si
163 429 207 476 tibi
222 428 255 476 nii
271 428 386 485 dederit,
404 427 482 476 Sacra·
492 427 598 494 roganda
613 427 652 476 via
667 427 710 480 esi.
806 441 856 476 too

78 497 147 550 Cium
163 502 238 551 multa
254 499 396 558 abstuleris,
416 511 443 549 ut
461 515 511 549 non
525 514 607 550 tamen
621 502 700 550 omnia
717 500 818 559 demas,

116 572 196 636 Quod
212 589 340 640 numquam
353 571 459 630 reddas,
476 573 617 622 commodet
632 589 709 640 usque
725 587 793 640 roga.

79 644 177 712 Lingua
186 644 275 712 juvet,
293 642 448 712 mentemque
457 656 527 712 tegat
539 661 546 696 t
559 647 667 696 blandire
679 661 789 714 neceque
801 660 809 695 t

118 719 197 784 Impia
212 719 254 768 sub
269 719 334 769 dulci
347 720 420 768 melle
433 734 529 769 venena
543 721 629 770 latent.

80 790 147 842 Haec
161 793 182 842 si
198 792 334 858 prestiteris
348 792 392 842 usu
405 791 463 840 mibi
477 792 576 860 cognitu
591 793 665 860 longo
677 826 686 852 ‚
807 803 854 854 105

119 865 176 916 Nec
193 865 293 915 tulerint
305 878 383 915 voces
397 877 486 914 ventus
502 865 530 916 δι
544 879 602 915 aura
619 880 707 924 meast

80 937 154 1004 Sqepe
169 939 307 990 mibidicos
320 939 383 988 virae
397 939 462 988 bene
478 954 486 988 t
499 935 562 1004 saepe
575 939 673 1010 rogtbit
685 972 693 998 ,
757 971 760 976 ·

121 1012 159 1062 Ut
174 1027 229 1061 mea
245 1011 364 1062 defundit
378 1012 485 1062 molliret
501 1011 549 1060 ossa
566 1014 664 1063 cubent.

18 1080 19 1123 ἓ
80 1081 145 1136 Vox
159 1099 214 1137 crat
227 1084 253 1133 in
268 1084 355 1144 cursu3
375 1083 430 1136 cdm
445 1099 485 1134 me
499 1100 554 1134 maa
570 1086 676 1150 prodidit
691 1085 793 1136 umbrat

120 1159 156 1206 At
170 1157 255 1208 nostre
271 1157 312 1207 vix
326 1158 351 1207 se
366 1159 510 1208 continuere
527 1173 630 1215 manus,
807 1170 856 1208 tto

82 1227 152 1294 Quin
168 1231 246 1282 albam
263 1247 388 1296 raramque
402 1247 516 1289 comana,
537 1229 717 1297 lacrymosaque
732 1230 790 1281 vino

120 1303 241 1362 Lumina,
259 1303 357 1371 rugosas
374 1303 580 1370 distraherentque
596 1319 679 1370 genas.

18 1378 19 1383 ’
83 1374 120 1425 Di
133 1376 177 1426 tibi
191 1377 251 1426 dent
265 1377 394 1444 nullosque
409 1379 493 1435 lares,
513 1373 809 1442 inopemque'senesiam,

120 1449 153 1500 Et
167 1451 253 1517 longas
270 1450 383 1516 hiemes,
400 1447 591 1517 perpetuamque
610 1450 683 1502 sitim.

115 1555 763 1630 μ-ἒ-ῑι--ἔζβΞ-πθ-

245 1679 649 1771 abaciam

85 1777 288 1896 Mum?
299 1842 376 1892 omnis
387 1857 482 1900 amans,
495 1840 521 1892 dt
531 1839 606 1890 habet
617 1837 656 1889 sua
667 1835 741 1888 castra
750 1833 859 1902 Cupido.

118 1917 222 1976 Attice,
243 1917 317 1968 crede
331 1915 412 1968 mstti:
428 1916 514 1966 militat
529 1914 605 1964 omnis
621 1927 712 1961 amans.

86 1987 146 2052 Quae
156 1991 224 2040 bello
237 1990 270 2039 est
281 1989 383 2046 habilis,
395 1989 492 2040 Veneri
501 2003 599 2054 quoque
610 1981 741 2042 convenit,
753 1993 821 2034 attat.

119 2062 204 2131 Turpe
218 2063 293 2116 senex
307 2062 394 2120 miles,
412 2074 483 2129 turpe
499 2061 578 2111 senilis
595 2071 672 2108 amor.

86 2134 154 2200 Quos
168 2135 275 2223 petiere·
284 2135 358 2186 duces
375 2151 451 2185 annot
468 2135 492 2184 in
510 2133 585 2182 milite
603 2131 681 2188 sorti,
805 2139 820 2192 5

120 2209 174 2259 Hos
189 2210 254 2276 petit
265 2209 292 2258 in
309 2203 375 2259 sotio
390 2209 454 2258 bella
469 2208 550 2274 puelia
566 2217 632 2256 toto.

18 2248 28 2361 i
86 2279 231 2350 Pervigilant
245 2283 340 2334 ambot
357 2280 423 2332 terra
435 2279 565 2348 requiescit
580 2290 703 2348 uterque:

18 2366 19 2403 i
119 2356 166 2405 lile
182 2356 249 2405 sores
267 2354 371 2404 domine
387 2355 487 2412 servat,
504 2351 584 2402 atille
602 2349 679 2406 ducis.

18 2418 19 2491 i
85 2426 168 2479 Militis
185 2426 292 2478 officium
308 2429 380 2497 longa
397 2426 471 2477 est
447 2443 508 2477 vra:
525 2425 594 2477 mitte
610 2423 737 2492 puellamt
841 2441 843 2448 ·

18 2501 19 2555 J
120 2502 258 2559 Strenuus,
277 2514 375 2551 exemto
391 2498 459 2556 fine,
477 2499 591 2563 sequetur
606 2511 696 2546 amans.
809 2503 843 2544 10

84 2572 151 2624 Ibit
143 2593 168 2624 ιιι
184 2574 299 2625 adversos
312 2585 428 2632 montes,
448 2572 616 2640 dupiicataque
634 2568 716 2618 nimbo

120 2648 249 2706 Flumina,
267 2647 393 2716 congestat
409 2653 506 2696 exteret
521 2644 562 2696 ille
579 2641 658 2692 nives.

87 2721 155 2780 Nec,
173 2722 237 2771 freta
253 2719 393 2786 pressurus,
409 2717 515 2769 tumidos
530 2715 664 2768 causabitur
680 2713 779 2770 Eurott

121 2794 232 2880 Aptaque
248 2793 375 2843 verrendis
391 2791 469 2842 sidera
485 2801 578 2858 queret
594 2789 671 2854 aquis.

88 2865 165 2940 Quis,
176 2865 373 2924 nisiveimiles‚
386 2867 537 2922 velanans,
551 2856 787 2926 &srigotanodin
809 2867 840 2920 ις

119 2938 150 2993 lit
164 2941 240 3000 denso
255 2939 343 2995 mittat
358 2938 468 3010 perferet
482 2938 558 2988 inbre
575 2930 666 2986 niver?
