<?xml version="1.0" encoding="UTF-8"?>
<!DOCTYPE html PUBLIC "-//W3C//DTD XHTML 1.0 Transitional//EN"
    "http://www.w3.org/TR/xhtml1/DTD/xhtml1-transitional.dtd">
<html xmlns="http://www.w3.org/1999/xhtml" xml:lang="en" lang="en">
 <head>
  <title>
</title>
<meta http-equiv="Content-Type" content="text/html;charset=utf-8" />
  <meta name='ocr-system' content='tesseract 3.04.00' />
  <meta name='ocr-capabilities' content='ocr_page ocr_carea ocr_par ocr_line ocrx_word'/>
</head>
<body>
  <div class='ocr_page' id='page_1' title='image "./povidiinasoniso07ovidgoog_0172.png"; bbox 0 0 2034 3709; ppageno 0'>
   <div class='ocr_carea' id='block_1_1' title="bbox 207 275 895 624">
    <p class='ocr_par' dir='ltr' id='par_1_1' title="bbox 207 275 895 624">
     <span class='ocr_line' id='line_1_1' title="bbox 207 275 863 382; baseline 0 -28"><span class='ocrx_word' id='word_1_1' title='bbox 207 281 281 376; x_wconf 79' lang='lat'>148</span> <span class='ocrx_word' id='word_1_2' title='bbox 333 278 545 382; x_wconf 69' lang='lat' dir='ltr'>Orrnrr</span> <span class='ocrx_word' id='word_1_3' title='bbox 569 275 863 356; x_wconf 75' lang='lat' dir='ltr'>Arronvrr&#39;</span> 
     </span>
     <span class='ocr_line' id='line_1_2' title="bbox 237 418 895 494; baseline -0.032 9"><span class='ocrx_word' id='word_1_4' title='bbox 237 418 895 494; x_wconf 47' lang='lat' dir='ltr'>‘Wssz-zv</span> 
     </span>
     <span class='ocr_line' id='line_1_3' title="bbox 262 539 756 624; baseline -0.008 4"><span class='ocrx_word' id='word_1_5' title='bbox 262 539 272 548; x_wconf 73' lang='grc'><em>’</em></span> <span class='ocrx_word' id='word_1_6' title='bbox 367 557 623 624; x_wconf 75' lang='grc' dir='ltr'><strong>Ειιοιι</strong></span> <span class='ocrx_word' id='word_1_7' title='bbox 677 557 756 624; x_wconf 69' lang='lat' dir='ltr'>ru</span> 
     </span>
    </p>
   </div>
   <div class='ocr_carea' id='block_1_2' title="bbox 86 651 922 2982">
    <p class='ocr_par' dir='ltr' id='par_1_2' title="bbox 86 651 922 2982">
     <span class='ocr_line' id='line_1_4' title="bbox 203 651 886 787; baseline 0.006 -19"><span class='ocrx_word' id='word_1_8' title='bbox 203 651 295 773; x_wconf 81' lang='lat' dir='ltr'>No</span> <span class='ocrx_word' id='word_1_9' title='bbox 304 733 323 769; x_wconf 78' lang='lat' dir='ltr'>tt</span> <span class='ocrx_word' id='word_1_10' title='bbox 337 734 386 787; x_wconf 79' lang='lat' dir='ltr'>ego</span> <span class='ocrx_word' id='word_1_11' title='bbox 400 718 529 769; x_wconf 77' lang='lat' dir='ltr'>mendosos</span> <span class='ocrx_word' id='word_1_12' title='bbox 542 719 617 770; x_wconf 79' lang='lat' dir='ltr'>ausim</span> <span class='ocrx_word' id='word_1_13' title='bbox 632 717 765 769; x_wconf 80' lang='lat' dir='ltr'>defendere</span> <span class='ocrx_word' id='word_1_14' title='bbox 779 736 886 780; x_wconf 79' lang='lat' dir='ltr'>moret.</span> 
     </span>
     <span class='ocr_line' id='line_1_5' title="bbox 241 793 779 859; baseline 0 -17"><span class='ocrx_word' id='word_1_15' title='bbox 241 793 356 859; x_wconf 81' lang='lat' dir='ltr'>Falsaque</span> <span class='ocrx_word' id='word_1_16' title='bbox 372 809 417 858; x_wconf 91' lang='lat' dir='ltr'>pro</span> <span class='ocrx_word' id='word_1_17' title='bbox 431 793 496 843; x_wconf 84' lang='lat' dir='ltr'>vitiis</span> <span class='ocrx_word' id='word_1_18' title='bbox 512 810 577 841; x_wconf 84' lang='lat' dir='ltr'>arma</span> <span class='ocrx_word' id='word_1_19' title='bbox 593 809 693 842; x_wconf 83' lang='lat' dir='ltr'>movere</span> <span class='ocrx_word' id='word_1_20' title='bbox 709 795 779 844; x_wconf 84' lang='lat' dir='ltr'>meis.</span> 
     </span>
     <span class='ocr_line' id='line_1_6' title="bbox 205 863 787 933; baseline -0.005 -15"><span class='ocrx_word' id='word_1_21' title='bbox 205 863 353 925; x_wconf 83' lang='lat' dir='ltr'>Confiteor,</span> <span class='ocrx_word' id='word_1_22' title='bbox 370 867 390 916; x_wconf 82' lang='lat' dir='ltr'>si</span> <span class='ocrx_word' id='word_1_23' title='bbox 406 866 462 933; x_wconf 87' lang='lat' dir='ltr'>quid</span> <span class='ocrx_word' id='word_1_24' title='bbox 479 865 577 932; x_wconf 86' lang='lat' dir='ltr'>prodest</span> <span class='ocrx_word' id='word_1_25' title='bbox 592 865 677 915; x_wconf 73' lang='lat' dir='ltr'>denua</span> <span class='ocrx_word' id='word_1_26' title='bbox 694 865 787 917; x_wconf 79' lang='lat' dir='ltr'>fateri:</span> 
     </span>
     <span class='ocr_line' id='line_1_7' title="bbox 241 938 838 999; baseline 0 -9"><span class='ocrx_word' id='word_1_27' title='bbox 241 940 269 990; x_wconf 90' lang='lat' dir='ltr'>ln</span> <span class='ocrx_word' id='word_1_28' title='bbox 284 954 337 988; x_wconf 86' lang='lat' dir='ltr'>mea</span> <span class='ocrx_word' id='word_1_29' title='bbox 354 956 417 989; x_wconf 89' lang='lat' dir='ltr'>nunc</span> <span class='ocrx_word' id='word_1_30' title='bbox 435 941 534 989; x_wconf 80' lang='lat' dir='ltr'>demens</span> <span class='ocrx_word' id='word_1_31' title='bbox 550 939 667 998; x_wconf 78' lang='lat' dir='ltr'>crimina.</span> <span class='ocrx_word' id='word_1_32' title='bbox 685 938 774 999; x_wconf 78' lang='lat' dir='ltr'>lassus,</span> <span class='ocrx_word' id='word_1_33' title='bbox 794 956 838 992; x_wconf 84' lang='lat' dir='ltr'>eo.</span> 
     </span>
     <span class='ocr_line' id='line_1_8' title="bbox 179 1011 867 1081; baseline 0 -17"><span class='ocrx_word' id='word_1_34' title='bbox 179 1013 277 1081; x_wconf 82' lang='lat' dir='ltr'>5odi:</span> <span class='ocrx_word' id='word_1_35' title='bbox 293 1029 340 1062; x_wconf 84' lang='lat' dir='ltr'>nec</span> <span class='ocrx_word' id='word_1_36' title='bbox 354 1011 444 1079; x_wconf 87' lang='lat' dir='ltr'>pollum</span> <span class='ocrx_word' id='word_1_37' title='bbox 461 1013 562 1078; x_wconf 76' lang='lat' dir='ltr'>cupiens</span> <span class='ocrx_word' id='word_1_38' title='bbox 578 1030 629 1063; x_wconf 90' lang='lat' dir='ltr'>non</span> <span class='ocrx_word' id='word_1_39' title='bbox 644 1012 711 1072; x_wconf 84' lang='lat' dir='ltr'>effe,</span> <span class='ocrx_word' id='word_1_40' title='bbox 729 1013 794 1080; x_wconf 80' lang='lat' dir='ltr'>quod</span> <span class='ocrx_word' id='word_1_41' title='bbox 812 1012 867 1064; x_wconf 88' lang='lat' dir='ltr'>odi.</span> 
     </span>
     <span class='ocr_line' id='line_1_9' title="bbox 241 1077 922 1154; baseline 0.006 -20"><span class='ocrx_word' id='word_1_42' title='bbox 241 1077 313 1135; x_wconf 84' lang='lat' dir='ltr'>Heu!</span> <span class='ocrx_word' id='word_1_43' title='bbox 324 1103 408 1152; x_wconf 72' lang='lat' dir='ltr'>qiman,</span> <span class='ocrx_word' id='word_1_44' title='bbox 419 1103 473 1152; x_wconf 80' lang='lat' dir='ltr'>quae</span> <span class='ocrx_word' id='word_1_45' title='bbox 484 1085 577 1136; x_wconf 81' lang='lat' dir='ltr'>studeas</span> <span class='ocrx_word' id='word_1_46' title='bbox 586 1103 694 1152; x_wconf 85' lang='lat' dir='ltr'>ponere</span> <span class='ocrx_word' id='word_1_47' title='bbox 704 1086 768 1136; x_wconf 77' lang='lat' dir='ltr'>ferre</span> <span class='ocrx_word' id='word_1_48' title='bbox 778 1103 855 1154; x_wconf 82' lang='lat' dir='ltr'>grave</span> <span class='ocrx_word' id='word_1_49' title='bbox 867 1083 922 1138; x_wconf 63' lang='lat' dir='ltr'>est*</span> 
     </span>
     <span class='ocr_line' id='line_1_10' title="bbox 203 1157 882 1228; baseline -0.001 -16"><span class='ocrx_word' id='word_1_50' title='bbox 203 1157 266 1212; x_wconf 80' lang='lat' dir='ltr'>Nam</span> <span class='ocrx_word' id='word_1_51' title='bbox 282 1158 327 1210; x_wconf 83' lang='lat' dir='ltr'>des</span> <span class='ocrx_word' id='word_1_52' title='bbox 324 1173 367 1210; x_wconf 88' lang='lat' dir='ltr'>unt</span> <span class='ocrx_word' id='word_1_53' title='bbox 380 1161 445 1210; x_wconf 80' lang='lat' dir='ltr'>vires</span> <span class='ocrx_word' id='word_1_54' title='bbox 461 1159 491 1208; x_wconf 93' lang='lat' dir='ltr'>ad</span> <span class='ocrx_word' id='word_1_55' title='bbox 508 1175 547 1208; x_wconf 89' lang='lat' dir='ltr'>me</span> <span class='ocrx_word' id='word_1_56' title='bbox 563 1159 641 1208; x_wconf 87' lang='lat' dir='ltr'>mihi&#39;</span> <span class='ocrx_word' id='word_1_57' title='bbox 632 1176 719 1226; x_wconf 65' lang='lat' dir='ltr'>‚utque</span> <span class='ocrx_word' id='word_1_58' title='bbox 734 1162 882 1228; x_wconf 74' lang='lat' dir='ltr'>regendum.</span> 
     </span>
     <span class='ocr_line' id='line_1_11' title="bbox 239 1231 862 1300; baseline 0.002 -18"><span class='ocrx_word' id='word_1_59' title='bbox 239 1233 366 1292; x_wconf 79' lang='lat' dir='ltr'>Auferor,</span> <span class='ocrx_word' id='word_1_60' title='bbox 386 1245 413 1282; x_wconf 91' lang='lat' dir='ltr'>ut</span> <span class='ocrx_word' id='word_1_61' title='bbox 427 1231 511 1298; x_wconf 86' lang='lat' dir='ltr'>rapida</span> <span class='ocrx_word' id='word_1_62' title='bbox 525 1235 633 1300; x_wconf 83' lang='lat' dir='ltr'>concita</span> <span class='ocrx_word' id='word_1_63' title='bbox 637 1233 723 1299; x_wconf 80' lang='lat' dir='ltr'>puppis</span> <span class='ocrx_word' id='word_1_64' title='bbox 739 1234 811 1300; x_wconf 75' lang='lat' dir='ltr'>aqui.</span> <span class='ocrx_word' id='word_1_65' title='bbox 857 1258 862 1266; x_wconf 91' lang='lat'><strong>·</strong></span> 
     </span>
     <span class='ocr_line' id='line_1_12' title="bbox 202 1304 871 1371; baseline 0.001 -13"><span class='ocrx_word' id='word_1_66' title='bbox 202 1307 261 1358; x_wconf 89' lang='lat' dir='ltr'>Non</span> <span class='ocrx_word' id='word_1_67' title='bbox 278 1305 312 1355; x_wconf 79' lang='lat' dir='ltr'>est</span> <span class='ocrx_word' id='word_1_68' title='bbox 327 1318 393 1356; x_wconf 78' lang='lat' dir='ltr'>certa</span> <span class='ocrx_word' id='word_1_69' title='bbox 410 1321 478 1355; x_wconf 81' lang='lat' dir='ltr'>meos</span> <span class='ocrx_word' id='word_1_70' title='bbox 493 1321 548 1371; x_wconf 72' lang='lat' dir='ltr'>qua</span> <span class='ocrx_word' id='word_1_71' title='bbox 563 1304 641 1356; x_wconf 80' lang='lat' dir='ltr'>forma</span> <span class='ocrx_word' id='word_1_72' title='bbox 655 1305 735 1356; x_wconf 80' lang='lat' dir='ltr'>irritet</span> <span class='ocrx_word' id='word_1_73' title='bbox 750 1323 871 1359; x_wconf 74' lang='lat' dir='ltr'>amores:</span> 
     </span>
     <span class='ocr_line' id='line_1_13' title="bbox 160 1378 870 1447; baseline 0.004 -19"><span class='ocrx_word' id='word_1_74' title='bbox 160 1395 194 1434; x_wconf 79' lang='lat' dir='ltr'>ro</span> <span class='ocrx_word' id='word_1_75' title='bbox 239 1379 345 1428; x_wconf 85' lang='lat' dir='ltr'>Centum</span> <span class='ocrx_word' id='word_1_76' title='bbox 362 1378 415 1429; x_wconf 87' lang='lat' dir='ltr'>sunt</span> <span class='ocrx_word' id='word_1_77' title='bbox 431 1379 527 1437; x_wconf 71' lang='lat' dir='ltr'>cause,</span> <span class='ocrx_word' id='word_1_78' title='bbox 546 1395 590 1429; x_wconf 86' lang='lat' dir='ltr'>cur</span> <span class='ocrx_word' id='word_1_79' title='bbox 606 1395 654 1447; x_wconf 79' lang='lat' dir='ltr'>ego</span> <span class='ocrx_word' id='word_1_80' title='bbox 669 1378 762 1445; x_wconf 79' lang='lat' dir='ltr'>semper</span> <span class='ocrx_word' id='word_1_81' title='bbox 777 1396 870 1431; x_wconf 79' lang='lat' dir='ltr'>amem·</span> 
     </span>
     <span class='ocr_line' id='line_1_14' title="bbox 202 1449 860 1518; baseline 0.002 -15"><span class='ocrx_word' id='word_1_82' title='bbox 202 1451 260 1503; x_wconf 79' lang='lat' dir='ltr'>Sive</span> <span class='ocrx_word' id='word_1_83' title='bbox 275 1451 355 1516; x_wconf 85' lang='lat' dir='ltr'>aliqua</span> <span class='ocrx_word' id='word_1_84' title='bbox 372 1449 406 1500; x_wconf 80' lang='lat' dir='ltr'>est</span> <span class='ocrx_word' id='word_1_85' title='bbox 421 1453 508 1503; x_wconf 80' lang='lat' dir='ltr'>oculos</span> <span class='ocrx_word' id='word_1_86' title='bbox 522 1453 547 1501; x_wconf 85' lang='lat' dir='ltr'>in</span> <span class='ocrx_word' id='word_1_87' title='bbox 563 1453 588 1502; x_wconf 83' lang='lat' dir='ltr'>se</span> <span class='ocrx_word' id='word_1_88' title='bbox 605 1450 699 1518; x_wconf 72' lang='lat' dir='ltr'>dejetla</span> <span class='ocrx_word' id='word_1_89' title='bbox 717 1452 860 1514; x_wconf 77' lang='lat' dir='ltr'>modestos,</span> 
     </span>
     <span class='ocr_line' id='line_1_15' title="bbox 240 1523 849 1592; baseline 0.003 -18"><span class='ocrx_word' id='word_1_90' title='bbox 240 1523 307 1576; x_wconf 90' lang='lat' dir='ltr'>Uror</span> <span class='ocrx_word' id='word_1_91' title='bbox 324 1540 332 1574; x_wconf 79' lang='lat' dir='ltr'>t</span> <span class='ocrx_word' id='word_1_92' title='bbox 349 1525 484 1575; x_wconf 74' lang='lat' dir='ltr'>&amp;insidiae</span> <span class='ocrx_word' id='word_1_93' title='bbox 501 1525 555 1576; x_wconf 83' lang='lat' dir='ltr'>sunt</span> <span class='ocrx_word' id='word_1_94' title='bbox 570 1526 650 1592; x_wconf 91' lang='lat' dir='ltr'>pudor</span> <span class='ocrx_word' id='word_1_95' title='bbox 665 1525 707 1575; x_wconf 88' lang='lat' dir='ltr'>ille</span> <span class='ocrx_word' id='word_1_96' title='bbox 722 1541 793 1576; x_wconf 75' lang='lat' dir='ltr'>meae·</span> <span class='ocrx_word' id='word_1_97' title='bbox 843 1525 849 1533; x_wconf 90' lang='lat'><em>&#39;</em></span> 
     </span>
     <span class='ocr_line' id='line_1_16' title="bbox 200 1597 919 1666; baseline -0.001 -16"><span class='ocrx_word' id='word_1_98' title='bbox 200 1597 257 1650; x_wconf 83' lang='lat' dir='ltr'>Sive</span> <span class='ocrx_word' id='word_1_99' title='bbox 268 1613 360 1662; x_wconf 80' lang='lat' dir='ltr'>procax</span> <span class='ocrx_word' id='word_1_100' title='bbox 369 1598 446 1664; x_wconf 85' lang='lat' dir='ltr'>aliqua</span> <span class='ocrx_word' id='word_1_101' title='bbox 459 1597 509 1657; x_wconf 84' lang='lat' dir='ltr'>est,</span> <span class='ocrx_word' id='word_1_102' title='bbox 522 1600 607 1664; x_wconf 89' lang='lat' dir='ltr'>capior</span> <span class='ocrx_word' id='word_1_103' title='bbox 617 1616 626 1661; x_wconf 76' lang='lat'>3</span> <span class='ocrx_word' id='word_1_104' title='bbox 639 1598 693 1666; x_wconf 83' lang='lat' dir='ltr'>quia</span> <span class='ocrx_word' id='word_1_105' title='bbox 703 1598 789 1649; x_wconf 77' lang='lat' dir='ltr'>runica</span> <span class='ocrx_word' id='word_1_106' title='bbox 799 1615 849 1649; x_wconf 89' lang='lat' dir='ltr'>non</span> <span class='ocrx_word' id='word_1_107' title='bbox 861 1597 919 1662; x_wconf 78' lang='lat' dir='ltr'>est,</span> 
     </span>
     <span class='ocr_line' id='line_1_17' title="bbox 238 1670 797 1738; baseline 0.004 -18"><span class='ocrx_word' id='word_1_108' title='bbox 238 1671 358 1738; x_wconf 87' lang='lat' dir='ltr'>Spemque</span> <span class='ocrx_word' id='word_1_109' title='bbox 376 1671 417 1722; x_wconf 90' lang='lat' dir='ltr'>dat</span> <span class='ocrx_word' id='word_1_110' title='bbox 432 1672 457 1721; x_wconf 86' lang='lat' dir='ltr'>in</span> <span class='ocrx_word' id='word_1_111' title='bbox 472 1672 540 1721; x_wconf 89' lang='lat' dir='ltr'>molli</span> <span class='ocrx_word' id='word_1_112' title='bbox 555 1673 651 1722; x_wconf 84' lang='lat' dir='ltr'>mobilis</span> <span class='ocrx_word' id='word_1_113' title='bbox 667 1670 715 1722; x_wconf 78' lang='lat' dir='ltr'>elle</span> <span class='ocrx_word' id='word_1_114' title='bbox 728 1684 797 1724; x_wconf 88' lang='lat' dir='ltr'>toro.</span> 
     </span>
     <span class='ocr_line' id='line_1_18' title="bbox 159 1743 861 1812; baseline -0.003 -14"><span class='ocrx_word' id='word_1_115' title='bbox 159 1761 189 1811; x_wconf 78' lang='grc' dir='ltr'><strong>ις</strong></span> <span class='ocrx_word' id='word_1_116' title='bbox 202 1743 326 1811; x_wconf 78' lang='lat' dir='ltr'>Aspera</span> <span class='ocrx_word' id='word_1_117' title='bbox 306 1762 326 1794; x_wconf 82' lang='lat' dir='ltr'>st</span> <span class='ocrx_word' id='word_1_118' title='bbox 340 1744 388 1794; x_wconf 86' lang='lat' dir='ltr'>visa</span> <span class='ocrx_word' id='word_1_119' title='bbox 405 1745 456 1804; x_wconf 83' lang='lat' dir='ltr'>est,</span> <span class='ocrx_word' id='word_1_120' title='bbox 475 1745 636 1812; x_wconf 78' lang='lat' dir='ltr'>rigidasque</span> <span class='ocrx_word' id='word_1_121' title='bbox 628 1744 719 1795; x_wconf 81' lang='lat' dir='ltr'>imitata</span> <span class='ocrx_word' id='word_1_122' title='bbox 736 1745 861 1804; x_wconf 81' lang='lat' dir='ltr'>Sabinas,</span> 
     </span>
     <span class='ocr_line' id='line_1_19' title="bbox 236 1817 775 1884; baseline -0.004 -14"><span class='ocrx_word' id='word_1_123' title='bbox 236 1818 328 1877; x_wconf 89' lang='lat' dir='ltr'>Velle,</span> <span class='ocrx_word' id='word_1_124' title='bbox 346 1817 386 1868; x_wconf 85' lang='lat' dir='ltr'>sed</span> <span class='ocrx_word' id='word_1_125' title='bbox 401 1835 433 1868; x_wconf 84' lang='lat' dir='ltr'>ex</span> <span class='ocrx_word' id='word_1_126' title='bbox 448 1819 500 1868; x_wconf 88' lang='lat' dir='ltr'>alto</span> <span class='ocrx_word' id='word_1_127' title='bbox 518 1819 686 1876; x_wconf 82' lang='lat' dir='ltr'>dissimulare,</span> <span class='ocrx_word' id='word_1_128' title='bbox 705 1830 775 1884; x_wconf 89' lang='lat' dir='ltr'>puto.</span> 
     </span>
     <span class='ocr_line' id='line_1_20' title="bbox 180 1879 857 1957; baseline 0 -15"><span class='ocrx_word' id='word_1_129' title='bbox 180 1879 257 1942; x_wconf 79' lang='lat' dir='ltr'>Sive</span> <span class='ocrx_word' id='word_1_130' title='bbox 274 1890 307 1940; x_wconf 82' lang='lat' dir='ltr'>est</span> <span class='ocrx_word' id='word_1_131' title='bbox 323 1890 413 1949; x_wconf 64' lang='lat' dir='ltr'>dour,</span> <span class='ocrx_word' id='word_1_132' title='bbox 430 1891 513 1956; x_wconf 86' lang='lat' dir='ltr'>placet</span> <span class='ocrx_word' id='word_1_133' title='bbox 527 1907 593 1942; x_wconf 79' lang='lat' dir='ltr'>raras</span> <span class='ocrx_word' id='word_1_134' title='bbox 610 1891 693 1942; x_wconf 81' lang='lat' dir='ltr'>dotata</span> <span class='ocrx_word' id='word_1_135' title='bbox 709 1907 754 1957; x_wconf 85' lang='lat' dir='ltr'>per</span> <span class='ocrx_word' id='word_1_136' title='bbox 769 1902 857 1944; x_wconf 70' lang='lat' dir='ltr'>artent</span> 
     </span>
     <span class='ocr_line' id='line_1_21' title="bbox 235 1963 738 2036; baseline 0 -22"><span class='ocrx_word' id='word_1_137' title='bbox 235 1963 292 2036; x_wconf 82' lang='lat' dir='ltr'>Sive</span> <span class='ocrx_word' id='word_1_138' title='bbox 307 1964 391 2023; x_wconf 83' lang='lat' dir='ltr'>rudis,</span> <span class='ocrx_word' id='word_1_139' title='bbox 408 1965 502 2030; x_wconf 84' lang='lat' dir='ltr'>placeat</span> <span class='ocrx_word' id='word_1_140' title='bbox 520 1964 672 2031; x_wconf 75' lang='lat' dir='ltr'>simplicitate</span> <span class='ocrx_word' id='word_1_141' title='bbox 689 1964 738 2014; x_wconf 77' lang='lat' dir='ltr'>sui.</span> 
     </span>
     <span class='ocr_line' id='line_1_22' title="bbox 199 2031 839 2104; baseline -0.003 -14"><span class='ocrx_word' id='word_1_142' title='bbox 199 2031 259 2091; x_wconf 79' lang='lat' dir='ltr'>Est</span> <span class='ocrx_word' id='word_1_143' title='bbox 251 2054 332 2104; x_wconf 77' lang='lat' dir='ltr'>quae</span> <span class='ocrx_word' id='word_1_144' title='bbox 348 2037 489 2088; x_wconf 73' lang='lat' dir='ltr'>Callimachi</span> <span class='ocrx_word' id='word_1_145' title='bbox 506 2053 556 2102; x_wconf 74' lang='lat' dir='ltr'>prae</span> <span class='ocrx_word' id='word_1_146' title='bbox 572 2036 655 2088; x_wconf 81' lang='lat' dir='ltr'>nostris</span> <span class='ocrx_word' id='word_1_147' title='bbox 672 2036 757 2086; x_wconf 85' lang='lat' dir='ltr'>rustica</span> <span class='ocrx_word' id='word_1_148' title='bbox 773 2036 839 2088; x_wconf 85' lang='lat' dir='ltr'>dicat</span> 
     </span>
     <span class='ocr_line' id='line_1_23' title="bbox 155 2109 856 2178; baseline -0.007 -14"><span class='ocrx_word' id='word_1_149' title='bbox 155 2125 191 2164; x_wconf 64' lang='grc' dir='ltr'>πο</span> <span class='ocrx_word' id='word_1_150' title='bbox 237 2110 349 2161; x_wconf 88' lang='lat' dir='ltr'>Carmina</span> <span class='ocrx_word' id='word_1_151' title='bbox 365 2125 373 2160; x_wconf 82' lang='lat' dir='ltr'>t</span> <span class='ocrx_word' id='word_1_152' title='bbox 390 2111 429 2160; x_wconf 90' lang='lat' dir='ltr'>cui</span> <span class='ocrx_word' id='word_1_153' title='bbox 445 2112 552 2177; x_wconf 85' lang='lat' dir='ltr'>placeo,</span> <span class='ocrx_word' id='word_1_154' title='bbox 572 2111 683 2178; x_wconf 78' lang='lat' dir='ltr'>protinus</span> <span class='ocrx_word' id='word_1_155' title='bbox 699 2109 748 2176; x_wconf 83' lang='lat' dir='ltr'>ipsa</span> <span class='ocrx_word' id='word_1_156' title='bbox 764 2110 856 2174; x_wconf 82' lang='lat' dir='ltr'>placet.</span> 
     </span>
     <span class='ocr_line' id='line_1_24' title="bbox 198 2181 883 2250; baseline 0.004 -16"><span class='ocrx_word' id='word_1_157' title='bbox 198 2181 238 2234; x_wconf 79' lang='lat' dir='ltr'>Est</span> <span class='ocrx_word' id='word_1_158' title='bbox 249 2183 321 2232; x_wconf 87' lang='lat' dir='ltr'>etiam</span> <span class='ocrx_word' id='word_1_159' title='bbox 333 2215 341 2242; x_wconf 80' lang='grc'><em>,</em></span> <span class='ocrx_word' id='word_1_160' title='bbox 355 2200 407 2250; x_wconf 81' lang='lat' dir='ltr'>quae</span> <span class='ocrx_word' id='word_1_161' title='bbox 418 2200 457 2234; x_wconf 86' lang='lat' dir='ltr'>me</span> <span class='ocrx_word' id='word_1_162' title='bbox 468 2196 550 2233; x_wconf 85' lang='lat' dir='ltr'>vatem</span> <span class='ocrx_word' id='word_1_163' title='bbox 561 2184 587 2234; x_wconf 77' lang='lat' dir='ltr'>dt</span> <span class='ocrx_word' id='word_1_164' title='bbox 598 2201 651 2234; x_wconf 85' lang='lat' dir='ltr'>mea</span> <span class='ocrx_word' id='word_1_165' title='bbox 662 2183 766 2233; x_wconf 87' lang='lat' dir='ltr'>carmina</span> <span class='ocrx_word' id='word_1_166' title='bbox 777 2185 883 2250; x_wconf 72' lang='lat' dir='ltr'>culpett</span> 
     </span>
     <span class='ocr_line' id='line_1_25' title="bbox 160 2249 719 2323; baseline 0.007 -19"><span class='ocrx_word' id='word_1_167' title='bbox 160 2249 164 2272; x_wconf 84' lang='grc'>·’</span> <span class='ocrx_word' id='word_1_168' title='bbox 235 2254 361 2322; x_wconf 81' lang='lat' dir='ltr'>Culpantis</span> <span class='ocrx_word' id='word_1_169' title='bbox 380 2257 472 2323; x_wconf 78' lang='lat' dir='ltr'>cupiam</span> <span class='ocrx_word' id='word_1_170' title='bbox 488 2256 614 2307; x_wconf 78' lang='lat' dir='ltr'>suffinuiffe</span> <span class='ocrx_word' id='word_1_171' title='bbox 631 2256 719 2308; x_wconf 82' lang='lat' dir='ltr'>lemur.</span> 
     </span>
     <span class='ocr_line' id='line_1_26' title="bbox 86 2327 872 2396; baseline 0.005 -19"><span class='ocrx_word' id='word_1_172' title='bbox 86 2341 93 2360; x_wconf 60' lang='grc' dir='ltr'><strong>ι</strong></span> <span class='ocrx_word' id='word_1_173' title='bbox 197 2327 310 2379; x_wconf 82' lang='lat' dir='ltr'>Molliter</span> <span class='ocrx_word' id='word_1_174' title='bbox 325 2329 435 2388; x_wconf 83' lang='lat' dir='ltr'>incedit,</span> <span class='ocrx_word' id='word_1_175' title='bbox 453 2341 520 2379; x_wconf 91' lang='lat' dir='ltr'>motu</span> <span class='ocrx_word' id='word_1_176' title='bbox 539 2329 604 2396; x_wconf 89' lang='lat' dir='ltr'>capit</span> <span class='ocrx_word' id='word_1_177' title='bbox 619 2347 627 2380; x_wconf 86' lang='lat' dir='ltr'>t</span> <span class='ocrx_word' id='word_1_178' title='bbox 642 2332 719 2380; x_wconf 79' lang='lat' dir='ltr'>altera</span> <span class='ocrx_word' id='word_1_179' title='bbox 734 2329 794 2380; x_wconf 85' lang='lat' dir='ltr'>dura</span> <span class='ocrx_word' id='word_1_180' title='bbox 810 2328 845 2381; x_wconf 78' lang='lat' dir='ltr'>est</span> <span class='ocrx_word' id='word_1_181' title='bbox 859 2346 872 2390; x_wconf 77' lang='lat'>3</span> 
     </span>
     <span class='ocr_line' id='line_1_27' title="bbox 233 2399 710 2468; baseline 0.004 -16"><span class='ocrx_word' id='word_1_182' title='bbox 233 2399 268 2452; x_wconf 78' lang='lat' dir='ltr'>At</span> <span class='ocrx_word' id='word_1_183' title='bbox 285 2403 375 2468; x_wconf 83' lang='lat' dir='ltr'>poterit</span> <span class='ocrx_word' id='word_1_184' title='bbox 391 2402 455 2452; x_wconf 67' lang='lat' dir='ltr'>tado</span> <span class='ocrx_word' id='word_1_185' title='bbox 472 2404 569 2453; x_wconf 91' lang='lat' dir='ltr'>mollior</span> <span class='ocrx_word' id='word_1_186' title='bbox 584 2401 631 2453; x_wconf 78' lang='lat' dir='ltr'>ell&#39;e</span> <span class='ocrx_word' id='word_1_187' title='bbox 646 2403 710 2454; x_wconf 85' lang='lat' dir='ltr'>viro.</span> 
     </span>
     <span class='ocr_line' id='line_1_28' title="bbox 153 2471 918 2543; baseline 0.003 -16"><span class='ocrx_word' id='word_1_188' title='bbox 153 2490 185 2539; x_wconf 84' lang='lat'>25</span> <span class='ocrx_word' id='word_1_189' title='bbox 197 2471 258 2526; x_wconf 69' lang='lat' dir='ltr'>Hac</span> <span class='ocrx_word' id='word_1_190' title='bbox 274 2475 329 2540; x_wconf 87' lang='lat' dir='ltr'>quia</span> <span class='ocrx_word' id='word_1_191' title='bbox 343 2475 415 2525; x_wconf 86' lang='lat' dir='ltr'>dulce</span> <span class='ocrx_word' id='word_1_192' title='bbox 433 2477 516 2536; x_wconf 89' lang='lat' dir='ltr'>canit,</span> <span class='ocrx_word' id='word_1_193' title='bbox 534 2476 655 2543; x_wconf 67' lang='lat' dir='ltr'>deditque</span> <span class='ocrx_word' id='word_1_194' title='bbox 671 2475 783 2526; x_wconf 79' lang='lat' dir='ltr'>facillima</span> <span class='ocrx_word' id='word_1_195' title='bbox 798 2483 918 2540; x_wconf 47' lang='lat' dir='ltr'>vocatu&amp;</span> 
     </span>
     <span class='ocr_line' id='line_1_29' title="bbox 235 2545 733 2615; baseline 0.004 -18"><span class='ocrx_word' id='word_1_196' title='bbox 235 2545 324 2597; x_wconf 81' lang='lat' dir='ltr'>Oscula</span> <span class='ocrx_word' id='word_1_197' title='bbox 342 2548 448 2599; x_wconf 87' lang='lat' dir='ltr'>cantanti</span> <span class='ocrx_word' id='word_1_198' title='bbox 461 2561 530 2615; x_wconf 88' lang='lat' dir='ltr'>rapta</span> <span class='ocrx_word' id='word_1_199' title='bbox 546 2548 634 2599; x_wconf 76' lang='lat' dir='ltr'>dedill‘e</span> <span class='ocrx_word' id='word_1_200' title='bbox 650 2549 733 2599; x_wconf 83' lang='lat' dir='ltr'>velim.</span> 
     </span>
     <span class='ocr_line' id='line_1_30' title="bbox 161 2607 828 2707; baseline 0.005 -37.177"><span class='ocrx_word' id='word_1_201' title='bbox 161 2607 257 2670; x_wconf 78' lang='lat' dir='ltr'>Haec</span> <span class='ocrx_word' id='word_1_202' title='bbox 269 2614 383 2686; x_wconf 79' lang='lat' dir='ltr'>&#39;querulas</span> <span class='ocrx_word' id='word_1_203' title='bbox 397 2622 452 2689; x_wconf 79' lang='lat' dir='ltr'>agili</span> <span class='ocrx_word' id='word_1_204' title='bbox 466 2623 586 2689; x_wconf 86' lang='lat' dir='ltr'>percurrit</span> <span class='ocrx_word' id='word_1_205' title='bbox 599 2622 690 2707; x_wconf 82' lang='lat' dir='ltr'>pollice</span> <span class='ocrx_word' id='word_1_206' title='bbox 704 2622 828 2674; x_wconf 82' lang='lat' dir='ltr'>chordas·</span> 
     </span>
     <span class='ocr_line' id='line_1_31' title="bbox 233 2693 835 2762; baseline 0.005 -19"><span class='ocrx_word' id='word_1_207' title='bbox 233 2693 296 2744; x_wconf 90' lang='lat' dir='ltr'>Tam</span> <span class='ocrx_word' id='word_1_208' title='bbox 314 2693 394 2744; x_wconf 69' lang='lat' dir='ltr'>dodlas</span> <span class='ocrx_word' id='word_1_209' title='bbox 411 2695 463 2760; x_wconf 84' lang='lat' dir='ltr'>quis</span> <span class='ocrx_word' id='word_1_210' title='bbox 478 2711 528 2746; x_wconf 89' lang='lat' dir='ltr'>non</span> <span class='ocrx_word' id='word_1_211' title='bbox 542 2696 620 2762; x_wconf 80' lang='lat' dir='ltr'>possit</span> <span class='ocrx_word' id='word_1_212' title='bbox 632 2711 711 2745; x_wconf 88' lang='lat' dir='ltr'>amare</span> <span class='ocrx_word' id='word_1_213' title='bbox 726 2694 835 2746; x_wconf 72' lang='lat' dir='ltr'>manus?</span> 
     </span>
     <span class='ocr_line' id='line_1_32' title="bbox 197 2761 910 2835; baseline 0.006 -20"><span class='ocrx_word' id='word_1_214' title='bbox 197 2766 240 2816; x_wconf 90' lang='lat' dir='ltr'>llla</span> <span class='ocrx_word' id='word_1_215' title='bbox 254 2761 335 2832; x_wconf 79' lang='lat' dir='ltr'>placet</span> <span class='ocrx_word' id='word_1_216' title='bbox 350 2765 434 2833; x_wconf 83' lang='lat' dir='ltr'>gestu</span> <span class='ocrx_word' id='word_1_217' title='bbox 453 2768 628 2835; x_wconf 82' lang='lat' dir='ltr'>numerosaque</span> <span class='ocrx_word' id='word_1_218' title='bbox 640 2767 740 2818; x_wconf 85' lang='lat' dir='ltr'>brachia</span> <span class='ocrx_word' id='word_1_219' title='bbox 756 2767 844 2828; x_wconf 78' lang='lat' dir='ltr'>ducit,</span> <span class='ocrx_word' id='word_1_220' title='bbox 905 2763 910 2774; x_wconf 77' lang='grc'><strong><em>’</em></strong></span> 
     </span>
     <span class='ocr_line' id='line_1_33' title="bbox 153 2837 880 2907; baseline 0.004 -17"><span class='ocrx_word' id='word_1_221' title='bbox 153 2852 187 2905; x_wconf 77' lang='lat'>30</span> <span class='ocrx_word' id='word_1_222' title='bbox 234 2837 266 2889; x_wconf 86' lang='lat' dir='ltr'>Et</span> <span class='ocrx_word' id='word_1_223' title='bbox 281 2851 391 2890; x_wconf 83' lang='lat' dir='ltr'>tenerum</span> <span class='ocrx_word' id='word_1_224' title='bbox 406 2841 473 2894; x_wconf 81' lang='lat' dir='ltr'>molli</span> <span class='ocrx_word' id='word_1_225' title='bbox 489 2853 590 2907; x_wconf 87' lang='lat' dir='ltr'>torquet</span> <span class='ocrx_word' id='word_1_226' title='bbox 606 2843 637 2891; x_wconf 86' lang='lat' dir='ltr'>ab</span> <span class='ocrx_word' id='word_1_227' title='bbox 652 2853 706 2891; x_wconf 86' lang='lat' dir='ltr'>arte</span> <span class='ocrx_word' id='word_1_228' title='bbox 722 2842 796 2892; x_wconf 74' lang='lat' dir='ltr'>latua.</span> <span class='ocrx_word' id='word_1_229' title='bbox 871 2879 880 2886; x_wconf 73' lang='lat'><em>·</em></span> 
     </span>
     <span class='ocr_line' id='line_1_34' title="bbox 197 2911 856 2982; baseline 0.003 -18"><span class='ocrx_word' id='word_1_230' title='bbox 197 2911 234 2964; x_wconf 89' lang='lat' dir='ltr'>Ut</span> <span class='ocrx_word' id='word_1_231' title='bbox 248 2923 341 2964; x_wconf 88' lang='lat' dir='ltr'>taceam</span> <span class='ocrx_word' id='word_1_232' title='bbox 356 2911 386 2961; x_wconf 87' lang='lat' dir='ltr'>de</span> <span class='ocrx_word' id='word_1_233' title='bbox 402 2929 458 2972; x_wconf 84' lang='lat' dir='ltr'>me,</span> <span class='ocrx_word' id='word_1_234' title='bbox 476 2914 517 2980; x_wconf 91' lang='lat' dir='ltr'>qui</span> <span class='ocrx_word' id='word_1_235' title='bbox 533 2914 603 2964; x_wconf 86' lang='lat' dir='ltr'>cauta</span> <span class='ocrx_word' id='word_1_236' title='bbox 617 2929 705 2982; x_wconf 83' lang='lat' dir='ltr'>tangor</span> <span class='ocrx_word' id='word_1_237' title='bbox 717 2914 748 2962; x_wconf 88' lang='lat' dir='ltr'>ab</span> <span class='ocrx_word' id='word_1_238' title='bbox 765 2913 856 2977; x_wconf 62' lang='lat' dir='ltr'>omnis</span> 
     </span>
    </p>
   </div>
   <div class='ocr_carea' id='block_1_3' title="bbox 233 2985 754 3064">
    <p class='ocr_par' dir='ltr' id='par_1_3' title="bbox 233 2985 754 3064">
     <span class='ocr_line' id='line_1_35' title="bbox 233 2985 754 3064; baseline -0.038 -6"><span class='ocrx_word' id='word_1_239' title='bbox 233 2985 287 3064; x_wconf 68' lang='grc'><strong>11111</strong></span> <span class='ocrx_word' id='word_1_240' title='bbox 302 2985 461 3058; x_wconf 61' lang='grc' dir='ltr'><strong>1111101111)ιο</strong></span> <span class='ocrx_word' id='word_1_241' title='bbox 476 3003 562 3056; x_wconf 80' lang='lat' dir='ltr'>pone,</span> <span class='ocrx_word' id='word_1_242' title='bbox 581 2985 679 3056; x_wconf 77' lang='lat' dir='ltr'>Priapus</span> <span class='ocrx_word' id='word_1_243' title='bbox 695 2987 754 3050; x_wconf 70' lang='lat' dir='ltr'>crit,</span> 
     </span>
    </p>
   </div>
   <div class='ocr_carea' id='block_1_4' title="bbox 911 393 927 428">
    <p class='ocr_par' dir='ltr' id='par_1_4' title="bbox 911 393 927 428">
     <span class='ocr_line' id='line_1_36' title="bbox 911 393 927 428; baseline 0 0"><span class='ocrx_word' id='word_1_244' title='bbox 911 393 927 428; x_wconf 72' lang='grc' dir='ltr'><strong>Ἰ</strong></span> 
     </span>
    </p>
   </div>
   <div class='ocr_carea' id='block_1_5' title="bbox 0 0 1022 3709">
    <p class='ocr_par' dir='ltr' id='par_1_5' title="bbox 0 0 1022 3709">
     <span class='ocr_line' id='line_1_37' title="bbox 0 0 1022 3709; baseline 0 0"><span class='ocrx_word' id='word_1_245' title='bbox 0 0 1022 3709; x_wconf 95' lang='lat' dir='ltr'> </span> 
     </span>
    </p>
   </div>
  </div>
 </body>
</html>
