<?xml version="1.0" encoding="UTF-8"?>
<!DOCTYPE html PUBLIC "-//W3C//DTD XHTML 1.0 Transitional//EN"
    "http://www.w3.org/TR/xhtml1/DTD/xhtml1-transitional.dtd">
<html xmlns="http://www.w3.org/1999/xhtml" xml:lang="en" lang="en">
 <head>
  <title>
</title>
<meta http-equiv="Content-Type" content="text/html;charset=utf-8" />
  <meta name='ocr-system' content='tesseract 3.04.00' />
  <meta name='ocr-capabilities' content='ocr_page ocr_carea ocr_par ocr_line ocrx_word'/>
</head>
<body>
  <div class='ocr_page' id='page_1' title='image "./povidiinasoniso07ovidgoog_0054.png"; bbox 0 0 2034 3709; ppageno 0'>
   <div class='ocr_carea' id='block_1_1' title="bbox 232 290 843 388">
    <p class='ocr_par' dir='ltr' id='par_1_1' title="bbox 232 290 843 388">
     <span class='ocr_line' id='line_1_1' title="bbox 232 290 843 388; baseline 0.005 -24"><span class='ocrx_word' id='word_1_1' title='bbox 232 312 285 388; x_wconf 80' lang='lat'>30</span> <span class='ocrx_word' id='word_1_2' title='bbox 331 293 373 362; x_wconf 89' lang='lat' dir='ltr'>P.</span> <span class='ocrx_word' id='word_1_3' title='bbox 402 290 585 363; x_wconf 75' lang='grc' dir='ltr'><em>Ονιυιι</em></span> <span class='ocrx_word' id='word_1_4' title='bbox 610 290 843 367; x_wconf 68' lang='grc' dir='ltr'>ΝΑεοΝιε.</span> 
     </span>
    </p>
   </div>
   <div class='ocr_carea' id='block_1_2' title="bbox 185 410 1000 3041">
    <p class='ocr_par' dir='ltr' id='par_1_2' title="bbox 185 410 1000 3041">
     <span class='ocr_line' id='line_1_2' title="bbox 231 410 888 481; baseline -0.002 -16"><span class='ocrx_word' id='word_1_5' title='bbox 231 414 287 466; x_wconf 85' lang='lat' dir='ltr'>Nec</span> <span class='ocrx_word' id='word_1_6' title='bbox 298 410 396 462; x_wconf 79' lang='lat' dir='ltr'>vioiaiie</span> <span class='ocrx_word' id='word_1_7' title='bbox 406 410 480 462; x_wconf 83' lang='lat' dir='ltr'>fidem</span> <span class='ocrx_word' id='word_1_8' title='bbox 488 413 637 465; x_wconf 78' lang='lat' dir='ltr'>tentantibus</span> <span class='ocrx_word' id='word_1_9' title='bbox 650 428 748 479; x_wconf 83' lang='lat' dir='ltr'>aequora</span> <span class='ocrx_word' id='word_1_10' title='bbox 766 412 865 481; x_wconf 86' lang='lat' dir='ltr'>prodest</span> <span class='ocrx_word' id='word_1_11' title='bbox 878 428 888 464; x_wconf 77' lang='lat' dir='ltr'>t</span> 
     </span>
     <span class='ocr_line' id='line_1_3' title="bbox 269 484 725 554; baseline 0 -19"><span class='ocrx_word' id='word_1_12' title='bbox 269 484 379 536; x_wconf 75' lang='lat' dir='ltr'>Perfidiae</span> <span class='ocrx_word' id='word_1_13' title='bbox 392 502 476 552; x_wconf 71' lang='lat' dir='ltr'>poenas</span> <span class='ocrx_word' id='word_1_14' title='bbox 490 487 566 554; x_wconf 79' lang='lat' dir='ltr'>exigit</span> <span class='ocrx_word' id='word_1_15' title='bbox 586 488 627 537; x_wconf 88' lang='lat' dir='ltr'>ille</span> <span class='ocrx_word' id='word_1_16' title='bbox 646 488 725 538; x_wconf 82' lang='lat' dir='ltr'>locus.</span> 
     </span>
     <span class='ocr_line' id='line_1_4' title="bbox 233 556 927 626; baseline 0.001 -16"><span class='ocrx_word' id='word_1_17' title='bbox 233 558 360 624; x_wconf 71' lang='lat' dir='ltr'>Precipue</span> <span class='ocrx_word' id='word_1_18' title='bbox 376 556 431 609; x_wconf 82' lang='lat' dir='ltr'>edm</span> <span class='ocrx_word' id='word_1_19' title='bbox 448 558 516 609; x_wconf 84' lang='lat' dir='ltr'>laesus</span> <span class='ocrx_word' id='word_1_20' title='bbox 534 560 635 611; x_wconf 83' lang='lat' dir='ltr'>Amor:</span> <span class='ocrx_word' id='word_1_21' title='bbox 653 559 708 626; x_wconf 87' lang='lat' dir='ltr'>qula</span> <span class='ocrx_word' id='word_1_22' title='bbox 724 572 802 611; x_wconf 87' lang='lat' dir='ltr'>mater</span> <span class='ocrx_word' id='word_1_23' title='bbox 823 558 927 611; x_wconf 74' lang='lat' dir='ltr'>Amoris</span> 
     </span>
     <span class='ocr_line' id='line_1_5' title="bbox 185 632 782 699; baseline 0 -16"><span class='ocrx_word' id='word_1_24' title='bbox 185 636 221 689; x_wconf 85' lang='lat'>60</span> <span class='ocrx_word' id='word_1_25' title='bbox 269 633 342 683; x_wconf 89' lang='lat' dir='ltr'>Nuda</span> <span class='ocrx_word' id='word_1_26' title='bbox 359 632 510 699; x_wconf 77' lang='lat' dir='ltr'>Cytheriacis</span> <span class='ocrx_word' id='word_1_27' title='bbox 527 633 592 683; x_wconf 84' lang='lat' dir='ltr'>edita</span> <span class='ocrx_word' id='word_1_28' title='bbox 612 633 690 683; x_wconf 75' lang='lat' dir='ltr'>fertur</span> <span class='ocrx_word' id='word_1_29' title='bbox 706 632 782 699; x_wconf 84' lang='lat' dir='ltr'>aquis.</span> 
     </span>
     <span class='ocr_line' id='line_1_6' title="bbox 235 704 957 771; baseline -0.003 -15"><span class='ocrx_word' id='word_1_30' title='bbox 235 704 332 757; x_wconf 87' lang='lat' dir='ltr'>Perdita</span> <span class='ocrx_word' id='word_1_31' title='bbox 347 722 379 755; x_wconf 83' lang='lat' dir='ltr'>ne</span> <span class='ocrx_word' id='word_1_32' title='bbox 392 706 491 771; x_wconf 85' lang='lat' dir='ltr'>perdam</span> <span class='ocrx_word' id='word_1_33' title='bbox 508 706 601 764; x_wconf 88' lang='lat' dir='ltr'>timeo,</span> <span class='ocrx_word' id='word_1_34' title='bbox 621 721 754 755; x_wconf 81' lang='lat' dir='ltr'>noceamve</span> <span class='ocrx_word' id='word_1_35' title='bbox 771 706 875 755; x_wconf 86' lang='lat' dir='ltr'>nocenti</span> <span class='ocrx_word' id='word_1_36' title='bbox 889 720 898 763; x_wconf 77' lang='lat'>3</span> <span class='ocrx_word' id='word_1_37' title='bbox 954 740 957 746; x_wconf 84' lang='lat'>-</span> 
     </span>
     <span class='ocr_line' id='line_1_7' title="bbox 270 778 898 847; baseline -0.002 -19"><span class='ocrx_word' id='word_1_38' title='bbox 270 780 327 828; x_wconf 90' lang='lat' dir='ltr'>Neu</span> <span class='ocrx_word' id='word_1_39' title='bbox 348 780 414 829; x_wconf 84' lang='lat' dir='ltr'>bibat</span> <span class='ocrx_word' id='word_1_40' title='bbox 430 796 555 846; x_wconf 84' lang='lat' dir='ltr'>aequoreas</span> <span class='ocrx_word' id='word_1_41' title='bbox 572 781 701 847; x_wconf 77' lang='lat' dir='ltr'>naufragus</span> <span class='ocrx_word' id='word_1_42' title='bbox 720 778 793 829; x_wconf 83' lang='lat' dir='ltr'>hostis</span> <span class='ocrx_word' id='word_1_43' title='bbox 809 796 898 845; x_wconf 81' lang='lat' dir='ltr'>aquas.</span> 
     </span>
     <span class='ocr_line' id='line_1_8' title="bbox 233 852 954 919; baseline 0.001 -17"><span class='ocrx_word' id='word_1_44' title='bbox 233 853 315 911; x_wconf 79' lang='lat' dir='ltr'>Vive,</span> <span class='ocrx_word' id='word_1_45' title='bbox 326 868 431 919; x_wconf 85' lang='lat' dir='ltr'>precor:</span> <span class='ocrx_word' id='word_1_46' title='bbox 444 854 479 903; x_wconf 82' lang='lat' dir='ltr'>sic</span> <span class='ocrx_word' id='word_1_47' title='bbox 490 865 515 902; x_wconf 90' lang='lat' dir='ltr'>te</span> <span class='ocrx_word' id='word_1_48' title='bbox 525 852 609 903; x_wconf 75' lang='lat' dir='ltr'>melito</span> <span class='ocrx_word' id='word_1_49' title='bbox 620 888 627 912; x_wconf 91' lang='lat'>,</span> <span class='ocrx_word' id='word_1_50' title='bbox 643 857 712 919; x_wconf 76' lang='lat' dir='ltr'>quim</span> <span class='ocrx_word' id='word_1_51' title='bbox 721 852 808 903; x_wconf 79' lang='lat' dir='ltr'>funere</span> <span class='ocrx_word' id='word_1_52' title='bbox 820 886 828 911; x_wconf 86' lang='lat'><em>,</em></span> <span class='ocrx_word' id='word_1_53' title='bbox 840 854 954 918; x_wconf 81' lang='lat' dir='ltr'>perdam.</span> 
     </span>
     <span class='ocr_line' id='line_1_9' title="bbox 270 924 718 992; baseline 0.002 -17"><span class='ocrx_word' id='word_1_54' title='bbox 270 924 311 975; x_wconf 89' lang='lat' dir='ltr'>Tu</span> <span class='ocrx_word' id='word_1_55' title='bbox 321 924 401 992; x_wconf 78' lang='lat' dir='ltr'>potius</span> <span class='ocrx_word' id='word_1_56' title='bbox 416 926 461 975; x_wconf 86' lang='lat' dir='ltr'>leti</span> <span class='ocrx_word' id='word_1_57' title='bbox 479 927 548 976; x_wconf 84' lang='lat' dir='ltr'>causa</span> <span class='ocrx_word' id='word_1_58' title='bbox 568 928 647 976; x_wconf 77' lang='lat' dir='ltr'>ferare</span> <span class='ocrx_word' id='word_1_59' title='bbox 661 926 718 977; x_wconf 89' lang='lat' dir='ltr'>mei.</span> 
     </span>
     <span class='ocr_line' id='line_1_10' title="bbox 187 992 951 1071; baseline 0.005 -26"><span class='ocrx_word' id='word_1_60' title='bbox 187 992 204 1045; x_wconf 85' lang='grc'><strong>6</strong></span> <span class='ocrx_word' id='word_1_61' title='bbox 208 1007 221 1059; x_wconf 89' lang='lat'><em>5</em></span> <span class='ocrx_word' id='word_1_62' title='bbox 234 999 325 1071; x_wconf 83' lang='lat' dir='ltr'>Finge,</span> <span class='ocrx_word' id='word_1_63' title='bbox 337 1016 398 1066; x_wconf 81' lang='lat' dir='ltr'>age,</span> <span class='ocrx_word' id='word_1_64' title='bbox 409 1010 435 1048; x_wconf 91' lang='lat' dir='ltr'>te</span> <span class='ocrx_word' id='word_1_65' title='bbox 444 1000 544 1066; x_wconf 86' lang='lat' dir='ltr'>rapido,</span> <span class='ocrx_word' id='word_1_66' title='bbox 555 996 565 1063; x_wconf 91' lang='lat'>(</span> <span class='ocrx_word' id='word_1_67' title='bbox 572 1001 662 1049; x_wconf 91' lang='lat' dir='ltr'>nullum</span> <span class='ocrx_word' id='word_1_68' title='bbox 669 1000 699 1049; x_wconf 84' lang='lat' dir='ltr'>sit</span> <span class='ocrx_word' id='word_1_69' title='bbox 707 1000 731 1049; x_wconf 89' lang='lat' dir='ltr'>in</span> <span class='ocrx_word' id='word_1_70' title='bbox 739 998 818 1048; x_wconf 88' lang='lat' dir='ltr'>omine</span> <span class='ocrx_word' id='word_1_71' title='bbox 826 998 951 1067; x_wconf 79' lang='lat' dir='ltr'>pondus,)</span> 
     </span>
     <span class='ocr_line' id='line_1_11' title="bbox 270 1068 1000 1138; baseline -0.001 -17"><span class='ocrx_word' id='word_1_72' title='bbox 270 1073 379 1121; x_wconf 88' lang='lat' dir='ltr'>Turbine</span> <span class='ocrx_word' id='word_1_73' title='bbox 387 1072 519 1137; x_wconf 82' lang='lat' dir='ltr'>deprendi:</span> <span class='ocrx_word' id='word_1_74' title='bbox 533 1072 589 1138; x_wconf 91' lang='lat' dir='ltr'>quid</span> <span class='ocrx_word' id='word_1_75' title='bbox 600 1072 643 1123; x_wconf 89' lang='lat' dir='ltr'>tibi</span> <span class='ocrx_word' id='word_1_76' title='bbox 653 1073 740 1123; x_wconf 81' lang='lat' dir='ltr'>mentis</span> <span class='ocrx_word' id='word_1_77' title='bbox 749 1073 796 1121; x_wconf 87' lang='lat' dir='ltr'>erit</span> <span class='ocrx_word' id='word_1_78' title='bbox 808 1068 820 1121; x_wconf 73' lang='lat' dir='ltr'>i</span> <span class='ocrx_word' id='word_1_79' title='bbox 999 1074 1000 1077; x_wconf 74' lang='grc'>’</span> 
     </span>
     <span class='ocr_line' id='line_1_12' title="bbox 234 1139 802 1212; baseline -0.005 -16"><span class='ocrx_word' id='word_1_80' title='bbox 234 1139 348 1197; x_wconf 81' lang='lat' dir='ltr'>Protinus</span> <span class='ocrx_word' id='word_1_81' title='bbox 357 1157 489 1195; x_wconf 90' lang='lat' dir='ltr'>occurrent</span> <span class='ocrx_word' id='word_1_82' title='bbox 500 1146 565 1197; x_wconf 81' lang='lat' dir='ltr'>faisae</span> <span class='ocrx_word' id='word_1_83' title='bbox 578 1144 683 1212; x_wconf 87' lang='lat' dir='ltr'>perjuria</span> <span class='ocrx_word' id='word_1_84' title='bbox 695 1146 782 1212; x_wconf 79' lang='lat' dir='ltr'>linguae</span> <span class='ocrx_word' id='word_1_85' title='bbox 794 1177 802 1203; x_wconf 85' lang='lat'><strong>,</strong></span> 
     </span>
     <span class='ocr_line' id='line_1_13' title="bbox 272 1218 802 1286; baseline -0.002 -18"><span class='ocrx_word' id='word_1_86' title='bbox 272 1219 304 1268; x_wconf 84' lang='lat' dir='ltr'>Et</span> <span class='ocrx_word' id='word_1_87' title='bbox 321 1218 424 1286; x_wconf 78' lang='lat' dir='ltr'>Phrygii</span> <span class='ocrx_word' id='word_1_88' title='bbox 438 1218 505 1268; x_wconf 88' lang='lat' dir='ltr'>Dido</span> <span class='ocrx_word' id='word_1_89' title='bbox 523 1219 607 1268; x_wconf 79' lang='lat' dir='ltr'>fraude</span> <span class='ocrx_word' id='word_1_90' title='bbox 632 1218 714 1267; x_wconf 67' lang='lat' dir='ltr'>condia</span> <span class='ocrx_word' id='word_1_91' title='bbox 731 1218 802 1267; x_wconf 86' lang='lat' dir='ltr'>mori.</span> 
     </span>
     <span class='ocr_line' id='line_1_14' title="bbox 236 1290 845 1359; baseline -0.007 -16"><span class='ocrx_word' id='word_1_92' title='bbox 236 1292 355 1357; x_wconf 76' lang='lat' dir='ltr'>Coniugis</span> <span class='ocrx_word' id='word_1_93' title='bbox 374 1304 432 1341; x_wconf 87' lang='lat' dir='ltr'>ante</span> <span class='ocrx_word' id='word_1_94' title='bbox 443 1292 529 1341; x_wconf 82' lang='lat' dir='ltr'>oculos</span> <span class='ocrx_word' id='word_1_95' title='bbox 549 1292 659 1357; x_wconf 77' lang='lat' dir='ltr'>deceptae</span> <span class='ocrx_word' id='word_1_96' title='bbox 675 1290 742 1339; x_wconf 84' lang='lat' dir='ltr'>stabit</span> <span class='ocrx_word' id='word_1_97' title='bbox 761 1291 845 1359; x_wconf 81' lang='lat' dir='ltr'>imago</span> 
     </span>
     <span class='ocr_line' id='line_1_15' title="bbox 188 1364 799 1432; baseline 0 -19"><span class='ocrx_word' id='word_1_98' title='bbox 188 1384 224 1432; x_wconf 90' lang='lat'>70</span> <span class='ocrx_word' id='word_1_99' title='bbox 273 1365 373 1421; x_wconf 82' lang='lat' dir='ltr'>Trissis,</span> <span class='ocrx_word' id='word_1_100' title='bbox 387 1365 412 1414; x_wconf 70' lang='grc' dir='ltr'>ὃ(</span> <span class='ocrx_word' id='word_1_101' title='bbox 424 1364 504 1415; x_wconf 69' lang='lat' dir='ltr'>effluis</span> <span class='ocrx_word' id='word_1_102' title='bbox 522 1365 702 1431; x_wconf 78' lang='lat' dir='ltr'>sanguinolenta</span> <span class='ocrx_word' id='word_1_103' title='bbox 714 1364 799 1414; x_wconf 80' lang='lat' dir='ltr'>comis.</span> 
     </span>
     <span class='ocr_line' id='line_1_16' title="bbox 235 1436 951 1503; baseline 0.007 -17"><span class='ocrx_word' id='word_1_104' title='bbox 235 1436 361 1503; x_wconf 79' lang='lat' dir='ltr'>Quicquid</span> <span class='ocrx_word' id='word_1_105' title='bbox 384 1438 409 1486; x_wconf 92' lang='lat' dir='ltr'>id</span> <span class='ocrx_word' id='word_1_106' title='bbox 424 1436 473 1497; x_wconf 86' lang='lat' dir='ltr'>efl,</span> <span class='ocrx_word' id='word_1_107' title='bbox 494 1449 574 1487; x_wconf 85' lang='lat' dir='ltr'>totum</span> <span class='ocrx_word' id='word_1_108' title='bbox 588 1438 680 1495; x_wconf 80' lang='lat' dir='ltr'>merui3</span> <span class='ocrx_word' id='word_1_109' title='bbox 698 1438 845 1496; x_wconf 83' lang='lat' dir='ltr'>concedite,</span> <span class='ocrx_word' id='word_1_110' title='bbox 861 1437 951 1491; x_wconf 74' lang='lat' dir='ltr'>dicas:</span> 
     </span>
     <span class='ocr_line' id='line_1_17' title="bbox 274 1509 879 1577; baseline 0.003 -18"><span class='ocrx_word' id='word_1_111' title='bbox 274 1509 385 1577; x_wconf 81' lang='lat' dir='ltr'>Quaeque</span> <span class='ocrx_word' id='word_1_112' title='bbox 403 1511 504 1569; x_wconf 86' lang='lat' dir='ltr'>cadent,</span> <span class='ocrx_word' id='word_1_113' title='bbox 522 1510 546 1559; x_wconf 93' lang='lat' dir='ltr'>in</span> <span class='ocrx_word' id='word_1_114' title='bbox 561 1524 587 1560; x_wconf 89' lang='lat' dir='ltr'>te</span> <span class='ocrx_word' id='word_1_115' title='bbox 602 1511 699 1560; x_wconf 87' lang='lat' dir='ltr'>fulmina</span> <span class='ocrx_word' id='word_1_116' title='bbox 716 1510 779 1559; x_wconf 85' lang='lat' dir='ltr'>miffa</span> <span class='ocrx_word' id='word_1_117' title='bbox 795 1524 879 1576; x_wconf 80' lang='lat' dir='ltr'>putes.</span> 
     </span>
     <span class='ocr_line' id='line_1_18' title="bbox 236 1584 941 1651; baseline 0.003 -18"><span class='ocrx_word' id='word_1_118' title='bbox 236 1584 277 1633; x_wconf 88' lang='lat' dir='ltr'>Da</span> <span class='ocrx_word' id='word_1_119' title='bbox 294 1585 370 1633; x_wconf 88' lang='lat' dir='ltr'>breve</span> <span class='ocrx_word' id='word_1_120' title='bbox 385 1584 480 1635; x_wconf 78' lang='lat' dir='ltr'>saevitiae</span> <span class='ocrx_word' id='word_1_121' title='bbox 496 1584 595 1649; x_wconf 88' lang='lat' dir='ltr'>spatium</span> <span class='ocrx_word' id='word_1_122' title='bbox 612 1584 739 1651; x_wconf 86' lang='lat' dir='ltr'>pelagique</span> <span class='ocrx_word' id='word_1_123' title='bbox 757 1596 881 1650; x_wconf 81' lang='lat' dir='ltr'>tuaeque:</span> <span class='ocrx_word' id='word_1_124' title='bbox 936 1601 941 1611; x_wconf 94' lang='grc'><em>·</em></span> 
     </span>
     <span class='ocr_line' id='line_1_19' title="bbox 275 1657 862 1722; baseline 0.002 -15"><span class='ocrx_word' id='word_1_125' title='bbox 275 1657 375 1707; x_wconf 83' lang='lat' dir='ltr'>Grande</span> <span class='ocrx_word' id='word_1_126' title='bbox 392 1674 465 1707; x_wconf 78' lang='lat' dir='ltr'>morae</span> <span class='ocrx_word' id='word_1_127' title='bbox 483 1658 587 1722; x_wconf 90' lang='lat' dir='ltr'>pretium</span> <span class='ocrx_word' id='word_1_128' title='bbox 599 1669 652 1707; x_wconf 89' lang='lat' dir='ltr'>tuta</span> <span class='ocrx_word' id='word_1_129' title='bbox 667 1658 748 1707; x_wconf 84' lang='lat' dir='ltr'>futura</span> <span class='ocrx_word' id='word_1_130' title='bbox 761 1658 798 1705; x_wconf 81' lang='lat' dir='ltr'>via</span> <span class='ocrx_word' id='word_1_131' title='bbox 817 1657 862 1708; x_wconf 87' lang='lat' dir='ltr'>est.</span> 
     </span>
     <span class='ocr_line' id='line_1_20' title="bbox 188 1728 821 1796; baseline 0.003 -17"><span class='ocrx_word' id='word_1_132' title='bbox 188 1737 222 1787; x_wconf 89' lang='lat'>75</span> <span class='ocrx_word' id='word_1_133' title='bbox 236 1731 291 1779; x_wconf 89' lang='lat' dir='ltr'>Nec</span> <span class='ocrx_word' id='word_1_134' title='bbox 311 1728 368 1779; x_wconf 88' lang='lat' dir='ltr'>mihi</span> <span class='ocrx_word' id='word_1_135' title='bbox 384 1742 498 1796; x_wconf 88' lang='lat' dir='ltr'>parcatur</span> <span class='ocrx_word' id='word_1_136' title='bbox 504 1747 513 1788; x_wconf 83' lang='lat'>3</span> <span class='ocrx_word' id='word_1_137' title='bbox 529 1747 606 1796; x_wconf 91' lang='lat' dir='ltr'>puero</span> <span class='ocrx_word' id='word_1_138' title='bbox 624 1742 737 1796; x_wconf 84' lang='lat' dir='ltr'>parcatur</span> <span class='ocrx_word' id='word_1_139' title='bbox 757 1728 821 1781; x_wconf 85' lang='lat' dir='ltr'>liiio.</span> 
     </span>
     <span class='ocr_line' id='line_1_21' title="bbox 272 1801 843 1853; baseline 0.004 -2"><span class='ocrx_word' id='word_1_140' title='bbox 272 1804 312 1853; x_wconf 84' lang='lat' dir='ltr'>Te</span> <span class='ocrx_word' id='word_1_141' title='bbox 333 1803 387 1853; x_wconf 85' lang='lat' dir='ltr'>satis</span> <span class='ocrx_word' id='word_1_142' title='bbox 405 1802 439 1851; x_wconf 87' lang='lat' dir='ltr'>est</span> <span class='ocrx_word' id='word_1_143' title='bbox 454 1801 551 1853; x_wconf 85' lang='lat' dir='ltr'>titulum</span> <span class='ocrx_word' id='word_1_144' title='bbox 565 1804 649 1853; x_wconf 81' lang='lat' dir='ltr'>mortis</span> <span class='ocrx_word' id='word_1_145' title='bbox 666 1804 754 1852; x_wconf 88' lang='lat' dir='ltr'>habere</span> <span class='ocrx_word' id='word_1_146' title='bbox 770 1820 843 1853; x_wconf 84' lang='lat' dir='ltr'>meae.</span> 
     </span>
     <span class='ocr_line' id='line_1_22' title="bbox 238 1874 934 1943; baseline 0.003 -18"><span class='ocrx_word' id='word_1_147' title='bbox 238 1876 305 1941; x_wconf 85' lang='lat' dir='ltr'>Quid</span> <span class='ocrx_word' id='word_1_148' title='bbox 325 1894 386 1942; x_wconf 90' lang='lat' dir='ltr'>puer</span> <span class='ocrx_word' id='word_1_149' title='bbox 405 1875 536 1934; x_wconf 81' lang='lat' dir='ltr'>Ascanius,</span> <span class='ocrx_word' id='word_1_150' title='bbox 555 1876 611 1941; x_wconf 90' lang='lat' dir='ltr'>quid</span> <span class='ocrx_word' id='word_1_151' title='bbox 627 1874 661 1925; x_wconf 89' lang='lat' dir='ltr'>Di</span> <span class='ocrx_word' id='word_1_152' title='bbox 679 1892 790 1925; x_wconf 87' lang='lat' dir='ltr'>meruere</span> <span class='ocrx_word' id='word_1_153' title='bbox 806 1875 934 1943; x_wconf 69' lang='lat' dir='ltr'>penates?</span> 
     </span>
     <span class='ocr_line' id='line_1_23' title="bbox 274 1948 765 2017; baseline 0.002 -19"><span class='ocrx_word' id='word_1_154' title='bbox 274 1950 370 2017; x_wconf 81' lang='lat' dir='ltr'>ignibus</span> <span class='ocrx_word' id='word_1_155' title='bbox 387 1963 485 2015; x_wconf 83' lang='lat' dir='ltr'>ereptos</span> <span class='ocrx_word' id='word_1_156' title='bbox 504 1950 593 1999; x_wconf 89' lang='lat' dir='ltr'>obruet</span> <span class='ocrx_word' id='word_1_157' title='bbox 603 1948 665 2003; x_wconf 80' lang='lat' dir='ltr'>unda</span> <span class='ocrx_word' id='word_1_158' title='bbox 685 1948 765 1999; x_wconf 83' lang='lat' dir='ltr'>Deos.</span> 
     </span>
     <span class='ocr_line' id='line_1_24' title="bbox 237 2019 953 2089; baseline 0.001 -16"><span class='ocrx_word' id='word_1_159' title='bbox 237 2023 372 2089; x_wconf 83' lang='lat' dir='ltr'>Sedneque</span> <span class='ocrx_word' id='word_1_160' title='bbox 380 2022 428 2072; x_wconf 80' lang='lat' dir='ltr'>fers</span> <span class='ocrx_word' id='word_1_161' title='bbox 436 2035 518 2071; x_wconf 87' lang='lat' dir='ltr'>tecum</span> <span class='ocrx_word' id='word_1_162' title='bbox 528 2038 534 2071; x_wconf 89' lang='lat'>:</span> <span class='ocrx_word' id='word_1_163' title='bbox 543 2038 588 2071; x_wconf 90' lang='lat' dir='ltr'>nec</span> <span class='ocrx_word' id='word_1_164' title='bbox 596 2055 604 2080; x_wconf 85' lang='lat'>,</span> <span class='ocrx_word' id='word_1_165' title='bbox 611 2040 664 2088; x_wconf 80' lang='lat' dir='ltr'>quae</span> <span class='ocrx_word' id='word_1_166' title='bbox 671 2020 728 2071; x_wconf 89' lang='lat' dir='ltr'>mihi</span> <span class='ocrx_word' id='word_1_167' title='bbox 736 2055 743 2079; x_wconf 93' lang='lat'>,</span> <span class='ocrx_word' id='word_1_168' title='bbox 750 2019 844 2088; x_wconf 87' lang='lat' dir='ltr'>perfide</span> <span class='ocrx_word' id='word_1_169' title='bbox 852 2056 860 2081; x_wconf 86' lang='lat'><em>,</em></span> <span class='ocrx_word' id='word_1_170' title='bbox 868 2020 953 2089; x_wconf 54' lang='lat' dir='ltr'>jadias</span> 
     </span>
     <span class='ocr_line' id='line_1_25' title="bbox 189 2094 841 2161; baseline -0.006 -12"><span class='ocrx_word' id='word_1_171' title='bbox 189 2100 224 2149; x_wconf 86' lang='lat'>80</span> <span class='ocrx_word' id='word_1_172' title='bbox 274 2096 411 2145; x_wconf 80' lang='lat' dir='ltr'>Prefferunt</span> <span class='ocrx_word' id='word_1_173' title='bbox 428 2096 540 2144; x_wconf 85' lang='lat' dir='ltr'>humeros</span> <span class='ocrx_word' id='word_1_174' title='bbox 557 2094 623 2144; x_wconf 84' lang='lat' dir='ltr'>sacra</span> <span class='ocrx_word' id='word_1_175' title='bbox 638 2107 754 2161; x_wconf 86' lang='lat' dir='ltr'>paterque</span> <span class='ocrx_word' id='word_1_176' title='bbox 773 2107 841 2145; x_wconf 80' lang='lat' dir='ltr'>tuos.</span> 
     </span>
     <span class='ocr_line' id='line_1_26' title="bbox 191 2168 953 2235; baseline -0.009 -16"><span class='ocrx_word' id='word_1_177' title='bbox 191 2213 195 2219; x_wconf 93' lang='lat'><em>.</em></span> <span class='ocrx_word' id='word_1_178' title='bbox 238 2168 328 2219; x_wconf 88' lang='lat' dir='ltr'>Omnia</span> <span class='ocrx_word' id='word_1_179' title='bbox 346 2169 528 2218; x_wconf 84' lang='lat' dir='ltr'>mentiris:nec</span> <span class='ocrx_word' id='word_1_180' title='bbox 540 2168 603 2217; x_wconf 86' lang='lat' dir='ltr'>enim</span> <span class='ocrx_word' id='word_1_181' title='bbox 614 2180 655 2217; x_wconf 84' lang='lat' dir='ltr'>tua</span> <span class='ocrx_word' id='word_1_182' title='bbox 667 2168 751 2217; x_wconf 83' lang='lat' dir='ltr'>fallere</span> <span class='ocrx_word' id='word_1_183' title='bbox 761 2168 844 2235; x_wconf 81' lang='lat' dir='ltr'>lingua</span> <span class='ocrx_word' id='word_1_184' title='bbox 949 2204 953 2212; x_wconf 85' lang='lat'><em>.</em></span> 
     </span>
     <span class='ocr_line' id='line_1_27' title="bbox 274 2240 803 2307; baseline 0.008 -18"><span class='ocrx_word' id='word_1_185' title='bbox 274 2242 361 2307; x_wconf 86' lang='lat' dir='ltr'>incipit</span> <span class='ocrx_word' id='word_1_186' title='bbox 371 2260 385 2289; x_wconf 85' lang='lat' dir='ltr'>a</span> <span class='ocrx_word' id='word_1_187' title='bbox 394 2242 484 2298; x_wconf 83' lang='lat' dir='ltr'>nobis,</span> <span class='ocrx_word' id='word_1_188' title='bbox 499 2240 622 2307; x_wconf 89' lang='lat' dir='ltr'>primaque</span> <span class='ocrx_word' id='word_1_189' title='bbox 635 2240 728 2307; x_wconf 72' lang='lat' dir='ltr'>pledor</span> <span class='ocrx_word' id='word_1_190' title='bbox 745 2256 803 2307; x_wconf 71' lang='lat' dir='ltr'>ego·</span> 
     </span>
     <span class='ocr_line' id='line_1_28' title="bbox 237 2312 774 2379; baseline 0.002 -15"><span class='ocrx_word' id='word_1_191' title='bbox 237 2313 263 2364; x_wconf 86' lang='lat' dir='ltr'>Si</span> <span class='ocrx_word' id='word_1_192' title='bbox 279 2331 387 2379; x_wconf 85' lang='lat' dir='ltr'>quaeras,</span> <span class='ocrx_word' id='word_1_193' title='bbox 404 2315 486 2363; x_wconf 86' lang='lat' dir='ltr'>ubisit</span> <span class='ocrx_word' id='word_1_194' title='bbox 501 2314 602 2363; x_wconf 85' lang='lat' dir='ltr'>formosi</span> <span class='ocrx_word' id='word_1_195' title='bbox 621 2328 698 2365; x_wconf 87' lang='lat' dir='ltr'>mater</span> <span class='ocrx_word' id='word_1_196' title='bbox 709 2312 753 2363; x_wconf 80' lang='lat' dir='ltr'>lidi</span> <span class='ocrx_word' id='word_1_197' title='bbox 766 2329 774 2365; x_wconf 72' lang='grc' dir='ltr'><strong>ι</strong></span> 
     </span>
     <span class='ocr_line' id='line_1_29' title="bbox 275 2386 721 2439; baseline 0.004 -2"><span class='ocrx_word' id='word_1_198' title='bbox 275 2387 376 2437; x_wconf 91' lang='lat' dir='ltr'>Occidit</span> <span class='ocrx_word' id='word_1_199' title='bbox 392 2405 406 2435; x_wconf 89' lang='lat' dir='ltr'>a</span> <span class='ocrx_word' id='word_1_200' title='bbox 424 2387 485 2435; x_wconf 89' lang='lat' dir='ltr'>duro</span> <span class='ocrx_word' id='word_1_201' title='bbox 502 2386 552 2435; x_wconf 86' lang='lat' dir='ltr'>sola</span> <span class='ocrx_word' id='word_1_202' title='bbox 565 2386 647 2437; x_wconf 67' lang='lat' dir='ltr'>reiida</span> <span class='ocrx_word' id='word_1_203' title='bbox 657 2387 721 2439; x_wconf 83' lang='lat' dir='ltr'>viro.</span> 
     </span>
     <span class='ocr_line' id='line_1_30' title="bbox 188 2460 1000 2529; baseline 0.006 -21"><span class='ocrx_word' id='word_1_204' title='bbox 188 2463 220 2529; x_wconf 82' lang='lat'>85</span> <span class='ocrx_word' id='word_1_205' title='bbox 237 2460 297 2509; x_wconf 87' lang='lat' dir='ltr'>Haec</span> <span class='ocrx_word' id='word_1_206' title='bbox 311 2461 368 2509; x_wconf 89' lang='lat' dir='ltr'>mihi</span> <span class='ocrx_word' id='word_1_207' title='bbox 383 2476 505 2518; x_wconf 82' lang='lat' dir='ltr'>narraras,</span> <span class='ocrx_word' id='word_1_208' title='bbox 524 2478 569 2509; x_wconf 91' lang='lat' dir='ltr'>nec</span> <span class='ocrx_word' id='word_1_209' title='bbox 581 2478 620 2509; x_wconf 86' lang='lat' dir='ltr'>me</span> <span class='ocrx_word' id='word_1_210' title='bbox 637 2476 755 2510; x_wconf 85' lang='lat' dir='ltr'>movere:</span> <span class='ocrx_word' id='word_1_211' title='bbox 769 2474 904 2513; x_wconf 81' lang='lat' dir='ltr'>merentem</span> <span class='ocrx_word' id='word_1_212' title='bbox 947 2500 953 2507; x_wconf 77' lang='lat'>-</span> <span class='ocrx_word' id='word_1_213' title='bbox 999 2482 1000 2489; x_wconf 56' lang='lat'>¹</span> 
     </span>
     <span class='ocr_line' id='line_1_31' title="bbox 274 2532 924 2599; baseline -0.003 -15"><span class='ocrx_word' id='word_1_214' title='bbox 274 2534 346 2590; x_wconf 84' lang='lat' dir='ltr'>Ure;</span> <span class='ocrx_word' id='word_1_215' title='bbox 363 2535 440 2582; x_wconf 90' lang='lat' dir='ltr'>minor</span> <span class='ocrx_word' id='word_1_216' title='bbox 451 2533 521 2599; x_wconf 76' lang='lat' dir='ltr'>culpi</span> <span class='ocrx_word' id='word_1_217' title='bbox 537 2550 608 2599; x_wconf 89' lang='lat' dir='ltr'>poena</span> <span class='ocrx_word' id='word_1_218' title='bbox 623 2534 702 2585; x_wconf 88' lang='lat' dir='ltr'>futura</span> <span class='ocrx_word' id='word_1_219' title='bbox 718 2532 771 2583; x_wconf 74' lang='lat' dir='ltr'>med</span> <span class='ocrx_word' id='word_1_220' title='bbox 787 2532 830 2583; x_wconf 79' lang='lat' dir='ltr'>est.</span> <span class='ocrx_word' id='word_1_221' title='bbox 920 2566 924 2572; x_wconf 96' lang='lat'>-</span> 
     </span>
     <span class='ocr_line' id='line_1_32' title="bbox 236 2606 947 2673; baseline 0.001 -15"><span class='ocrx_word' id='word_1_222' title='bbox 236 2607 291 2658; x_wconf 86' lang='lat' dir='ltr'>Nec</span> <span class='ocrx_word' id='word_1_223' title='bbox 299 2606 356 2655; x_wconf 91' lang='lat' dir='ltr'>mihi</span> <span class='ocrx_word' id='word_1_224' title='bbox 362 2624 428 2656; x_wconf 82' lang='lat' dir='ltr'>mens</span> <span class='ocrx_word' id='word_1_225' title='bbox 436 2607 507 2655; x_wconf 88' lang='lat' dir='ltr'>dubia</span> <span class='ocrx_word' id='word_1_226' title='bbox 516 2606 548 2655; x_wconf 84' lang='lat' dir='ltr'>est</span> <span class='ocrx_word' id='word_1_227' title='bbox 556 2640 563 2665; x_wconf 93' lang='lat'>,</span> <span class='ocrx_word' id='word_1_228' title='bbox 571 2608 627 2673; x_wconf 91' lang='lat' dir='ltr'>quin</span> <span class='ocrx_word' id='word_1_229' title='bbox 633 2619 659 2656; x_wconf 88' lang='lat' dir='ltr'>te</span> <span class='ocrx_word' id='word_1_230' title='bbox 666 2620 707 2657; x_wconf 89' lang='lat' dir='ltr'>tua</span> <span class='ocrx_word' id='word_1_231' title='bbox 715 2606 811 2656; x_wconf 84' lang='lat' dir='ltr'>numina</span> <span class='ocrx_word' id='word_1_232' title='bbox 819 2608 947 2659; x_wconf 67' lang='lat' dir='ltr'>damnentt</span> 
     </span>
     <span class='ocr_line' id='line_1_33' title="bbox 274 2678 938 2747; baseline 0.003 -18"><span class='ocrx_word' id='word_1_233' title='bbox 274 2678 321 2729; x_wconf 85' lang='lat' dir='ltr'>Per</span> <span class='ocrx_word' id='word_1_234' title='bbox 340 2697 404 2734; x_wconf 85' lang='lat' dir='ltr'>mare</span> <span class='ocrx_word' id='word_1_235' title='bbox 418 2715 426 2739; x_wconf 91' lang='lat'>,</span> <span class='ocrx_word' id='word_1_236' title='bbox 440 2697 486 2746; x_wconf 86' lang='lat' dir='ltr'>per</span> <span class='ocrx_word' id='word_1_237' title='bbox 503 2692 580 2730; x_wconf 86' lang='lat' dir='ltr'>terras</span> <span class='ocrx_word' id='word_1_238' title='bbox 590 2681 687 2747; x_wconf 82' lang='lat' dir='ltr'>septima</span> <span class='ocrx_word' id='word_1_239' title='bbox 697 2679 770 2747; x_wconf 68' lang='lat' dir='ltr'>jadiat</span> <span class='ocrx_word' id='word_1_240' title='bbox 783 2681 874 2733; x_wconf 52' lang='lat' dir='ltr'>hiemen</span> <span class='ocrx_word' id='word_1_241' title='bbox 928 2681 938 2690; x_wconf 76' lang='grc'><em>“</em></span> 
     </span>
     <span class='ocr_line' id='line_1_34' title="bbox 237 2748 949 2819; baseline -0.003 -16"><span class='ocrx_word' id='word_1_242' title='bbox 237 2752 358 2803; x_wconf 72' lang='lat' dir='ltr'>Fiuiiibus</span> <span class='ocrx_word' id='word_1_243' title='bbox 373 2752 476 2818; x_wconf 69' lang='lat' dir='ltr'>ejeiium</span> <span class='ocrx_word' id='word_1_244' title='bbox 485 2753 538 2803; x_wconf 69' lang='lat' dir='ltr'>tuti</span> <span class='ocrx_word' id='word_1_245' title='bbox 550 2753 651 2803; x_wconf 85' lang='lat' dir='ltr'>statione</span> <span class='ocrx_word' id='word_1_246' title='bbox 663 2754 746 2819; x_wconf 89' lang='lat' dir='ltr'>recepi</span> <span class='ocrx_word' id='word_1_247' title='bbox 758 2786 765 2812; x_wconf 91' lang='lat'>,</span> <span class='ocrx_word' id='word_1_248' title='bbox 942 2748 949 2755; x_wconf 77' lang='grc'><strong>“</strong></span> 
     </span>
     <span class='ocr_line' id='line_1_35' title="bbox 191 2826 841 2893; baseline 0.009 -22"><span class='ocrx_word' id='word_1_249' title='bbox 191 2834 227 2886; x_wconf 88' lang='lat'>90</span> <span class='ocrx_word' id='word_1_250' title='bbox 273 2827 372 2892; x_wconf 86' lang='lat' dir='ltr'>Vixque</span> <span class='ocrx_word' id='word_1_251' title='bbox 387 2828 450 2876; x_wconf 82' lang='lat' dir='ltr'>bene</span> <span class='ocrx_word' id='word_1_252' title='bbox 464 2827 547 2877; x_wconf 79' lang='lat' dir='ltr'>audito</span> <span class='ocrx_word' id='word_1_253' title='bbox 563 2828 675 2886; x_wconf 89' lang='lat' dir='ltr'>nomine,</span> <span class='ocrx_word' id='word_1_254' title='bbox 687 2842 762 2893; x_wconf 80' lang='lat' dir='ltr'>regna</span> <span class='ocrx_word' id='word_1_255' title='bbox 774 2826 841 2878; x_wconf 86' lang='lat' dir='ltr'>dedi.</span> 
     </span>
     <span class='ocr_line' id='line_1_36' title="bbox 236 2897 861 2951; baseline 0 -1"><span class='ocrx_word' id='word_1_256' title='bbox 236 2899 283 2950; x_wconf 83' lang='lat' dir='ltr'>His</span> <span class='ocrx_word' id='word_1_257' title='bbox 301 2912 383 2949; x_wconf 81' lang='lat' dir='ltr'>tamen</span> <span class='ocrx_word' id='word_1_258' title='bbox 402 2898 487 2949; x_wconf 86' lang='lat' dir='ltr'>officiis</span> <span class='ocrx_word' id='word_1_259' title='bbox 505 2902 596 2949; x_wconf 88' lang='lat' dir='ltr'>utinam</span> <span class='ocrx_word' id='word_1_260' title='bbox 615 2911 729 2951; x_wconf 76' lang='lat' dir='ltr'>contenta</span> <span class='ocrx_word' id='word_1_261' title='bbox 744 2897 861 2950; x_wconf 68' lang='lat' dir='ltr'>fuissent</span> 
     </span>
     <span class='ocr_line' id='line_1_37' title="bbox 273 2972 838 3041; baseline 0 -18"><span class='ocrx_word' id='word_1_262' title='bbox 273 2972 306 3023; x_wconf 83' lang='lat' dir='ltr'>Et</span> <span class='ocrx_word' id='word_1_263' title='bbox 320 2973 388 3023; x_wconf 85' lang='lat' dir='ltr'>mihi-</span> <span class='ocrx_word' id='word_1_264' title='bbox 398 2972 540 3024; x_wconf 84' lang='lat' dir='ltr'>concubitds</span> <span class='ocrx_word' id='word_1_265' title='bbox 559 2974 621 3025; x_wconf 74' lang='lat' dir='ltr'>fama</span> <span class='ocrx_word' id='word_1_266' title='bbox 636 2974 728 3041; x_wconf 84' lang='lat' dir='ltr'>sepulta</span> <span class='ocrx_word' id='word_1_267' title='bbox 742 2972 809 3024; x_wconf 75' lang='lat' dir='ltr'>soret</span> <span class='ocrx_word' id='word_1_268' title='bbox 830 2972 838 3023; x_wconf 82' lang='lat' dir='ltr'>i</span> 
     </span>
    </p>
   </div>
   <div class='ocr_carea' id='block_1_3' title="bbox 0 0 1032 3709">
    <p class='ocr_par' dir='ltr' id='par_1_3' title="bbox 0 0 1032 3709">
     <span class='ocr_line' id='line_1_38' title="bbox 0 0 1032 3709; baseline 0 0"><span class='ocrx_word' id='word_1_269' title='bbox 0 0 1032 3709; x_wconf 95' lang='lat' dir='ltr'> </span> 
     </span>
    </p>
   </div>
  </div>
 </body>
</html>
