2034 3709
248 254 296 325 28
347 252 388 321 Ρ.
415 250 604 321 θνιυιι
630 248 859 317 ΝΑεοΝιε

188 388 235 437 155
248 376 332 441 thue
352 390 400 439 ego
418 371 533 422 destituor
551 367 642 432 conjux
664 380 788 433 materque
804 368 931 427 duorum,
948 362 953 373 '
1004 372 1005 377 ’

286 448 309 497 A
323 448 429 497 totidem
445 444 509 494 naris
521 442 621 493 orbarit
636 474 643 500 ,
658 454 732 507 atque
749 441 812 491 viro.

249 522 305 571 Nee
321 523 383 570 male
397 532 465 584 parta
481 518 522 567 diu
534 526 633 572 tenear;
650 514 764 580 pejusque
775 515 908 581 relinquat.
951 508 954 513 ’

287 594 402 650 Exsuler,
415 592 441 642 δι
452 602 510 640 toto
530 600 622 655 quaerat
644 589 669 637 in
685 588 744 637 orbe
755 587 846 655 fugam.

253 668 333 732 Quam
347 667 414 717 fratri
434 680 547 732 germana
562 662 626 719 fuit,
644 659 779 727 miseroque
794 660 892 727 parenti

192 739 241 791 160
289 742 349 791 Filia
360 774 368 798 ‚
379 751 428 789 tam
441 738 518 795 natis,
530 747 579 785 ram
587 735 619 784 sit
627 736 714 784 acerba
724 735 788 783 siro.

254 813 315 866 Cirm
324 830 413 870 mare,
429 809 483 862 crim
496 824 574 859 terras
590 807 761 866 consumserit,
778 807 834 857 aera
846 817 927 856 tentet
939 800 955 858 τ’

289 888 362 937 Erret
375 888 461 951 inops,
478 883 581 947 exspes,
593 880 661 931 crede
678 893 777 931 cruenta
795 880 846 929 sua.

254 961 315 1012 Haec
332 977 380 1027 ego
394 957 510 1025 conjugio
521 954 630 1006 fraudata
640 954 774 1003 Thoantias
788 966 855 1003 oro:
951 946 955 951 ’

290 1035 376 1089 Viuite
394 1033 503 1089 devoro,
523 1040 645 1094 nuptaque
661 1028 763 1095 virque,
780 1040 849 1077 roro.

372 1256 716 1323 rrrsrorn
756 1256 854 1321 vrr.
951 1240 956 1249 '

356 1414 361 1443 ι
440 1384 573 1443 Drno
613 1383 782 1441 AEurm.

183 1572 187 1578 ·
263 1474 431 1600 Sambi
448 1540 618 1597 fatavocmr,
635 1538 688 1589 udis
701 1538 808 1605 abjeiius
826 1539 851 1607 in
869 1541 969 1604 herbis,

296 1616 336 1665 Ad
351 1616 412 1664 vada
425 1615 545 1665 Meandri
564 1614 671 1663 concinit
687 1614 754 1663 albus
766 1614 831 1663 olor.

260 1692 331 1747 Nec,
342 1689 398 1755 quia
417 1701 442 1738 te
460 1688 538 1738 nostri
551 1686 643 1753 sperem
659 1702 735 1751 prere
746 1686 811 1751 poffe
821 1690 937 1751 moveri,

298 1764 439 1828 Alloquor:
457 1762 559 1811 adverso
576 1759 694 1809 movimus
708 1758 750 1808 ista
769 1760 837 1811 Deo.

237 1853 250 1904 ς
263 1836 312 1888 Sed
319 1836 536 1893 meritantfamam,
546 1848 681 1899 corpusque
688 1834 972 1901 animumquepudicum,

302 1910 364 1959 Crim
376 1909 438 1958 mali
452 1908 616 1974 perdiderim,
633 1906 735 1971 perdere
748 1908 842 1963 verba,
859 1912 917 1961 leve
933 1912 974 1961 est.

267 1984 357 2034 Certus
372 2000 399 2033 es
416 1984 451 2032 ire
462 1995 544 2030 temen
554 2014 562 2039 ,
574 1980 729 2047 miseramque
740 1981 880 2047 relinquere
892 1978 974 2037 Dido':

303 2057 385 2123 Atque
398 2054 463 2105 idem
475 2054 544 2103 venti
561 2057 615 2103 vela
628 2052 748 2118 fidemque
765 2053 855 2105 ferent.

269 2132 358 2181 Certus
372 2146 417 2188 es,
428 2127 526 2185 AEnea,
541 2142 594 2177 eum
606 2126 699 2177 foedere
710 2127 805 2177 solvere
820 2146 897 2181 naves
913 2148 922 2185 e

224 2210 256 2245 10
305 2204 417 2269 Quaeque
431 2203 473 2250 ubi
487 2202 536 2250 sint
550 2200 643 2259 nescis,
661 2200 721 2249 Itala
734 2216 809 2267 regna
826 2203 904 2269 sequi.

268 2279 323 2329 Nec
341 2292 404 2325 nova
418 2275 560 2340 Carthago,
573 2290 619 2323 nee
636 2286 662 2322 re
677 2272 809 2323 crescentia
823 2287 929 2346 tangunt

306 2349 400 2399 Moenia
411 2382 419 2406 ,
432 2364 478 2397 nec
492 2348 590 2412 sceptro
603 2346 689 2397 tradita
701 2347 790 2397 summa
804 2361 859 2399 tuo.

270 2423 341 2474 fana
354 2423 417 2489 iugis
431 2455 439 2478 ,
451 2420 560 2469 iacienda
575 2420 657 2486 peris:
671 2420 800 2487 quaerenda
814 2436 860 2487 per
877 2426 963 2475 orbem

308 2496 409 2546 Altera:
427 2494 526 2559 quaesita
539 2493 572 2543 eii
583 2495 659 2543 altera
669 2505 736 2543 terra
750 2494 805 2543 tibi.

224 2580 234 2614 r
246 2576 258 2626 5
273 2570 309 2620 Ut
319 2581 407 2620 terram
421 2568 543 2625 invenias,
554 2567 606 2632 quis
618 2582 670 2615 eam
684 2566 728 2615 tibi
735 2567 815 2617 tradet
826 2568 977 2621 habendam.

309 2641 372 2705 Quis
391 2640 432 2705 sua
444 2657 493 2689 non
512 2641 576 2693 noris
595 2657 651 2689 arva
667 2640 772 2689 tenenda
783 2640 872 2693 dabir?
890 2682 896 2688 .

272 2717 344 2770 Alter
354 2714 476 2764 habendus
484 2714 600 2763 amorribi
609 2712 695 2771 restat,
705 2714 815 2763 &altera
825 2714 910 2768 Didor
957 2714 964 2721 “
1003 2712 1004 2717 ’

310 2788 439 2854 Quamque
449 2786 536 2836 iterum
551 2787 633 2845 fallas,
648 2788 723 2836 altera
738 2787 815 2837 danda
828 2788 900 2841 fides.

258 2862 381 2930 'Quando
397 2861 445 2911 erit
458 2872 485 2910 ut
500 2860 589 2911 condas
605 2859 674 2911 instar
685 2860 836 2928 Carthaginis
846 2866 946 2927 urbem,

228 2948 263 2985 20
311 2938 344 2989 Et
358 2935 441 2990 videas
456 2934 563 3002 populos
579 2935 640 2987 altus
658 2935 761 2987 abarce
780 2946 837 2989 tuus
855 2936 866 2988 i
