2034 3709
211 244 285 343 160
336 235 547 317 Orrnr'r
572 239 829 313 Amorum
852 255 869 265 ··

123 355 126 361 ’
209 364 264 415 Nec
279 363 339 415 belli
352 362 386 413 est
399 380 465 413 nova
481 362 551 413 cerusa
569 362 638 413 mei:
652 360 701 411 nisi
713 372 785 427 rapta.
796 359 884 411 fuist'et

244 437 384 504 Tyndaris,
403 437 508 503 Europae
525 453 573 503 pax
589 435 704 501 Asiaeque
720 435 796 484 foret.

208 510 307 563 Femina
315 508 557 576 silvestreslapithrs
566 510 746 576 ‚populumque
755 507 935 579 birnerpbrenp‘

165 597 200 632 ιο
245 584 364 650 Turpiter
380 585 493 649 apposito
509 583 585 636 vertit
599 583 626 632 in
638 597 703 631 arma
716 594 796 630 mero.

208 656 307 709 femina
322 654 444 721 Troianos
461 656 551 714 iterum
566 655 618 707 fere
632 655 698 705 bella
709 668 815 703 movere
920 716 924 720 ⁵

246 730 343 795 impulit
358 729 382 777 in
398 744 495 796 regno,
513 727 574 794 juste
588 728 694 785 Latine,
711 738 766 775 tuo.

208 802 307 855 Femina
323 802 458 861 Romanis,
476 802 550 852 etiam
568 818 632 852 nunc
649 801 718 850 Urbe
734 796 852 859 recenti,

244 876 345 930 immisit
361 874 478 934 soceros,
496 890 610 942 armaque
625 874 687 925 seva
703 872 781 922 dedit.

165 962 198 1012 25
210 948 269 1003 Vidi
285 964 334 1016 ego
349 964 395 1014 pro
411 948 482 998 nivea
498 960 634 1015 pugnantes
651 943 756 1012 conjuge
771 956 880 995 muros:

245 1022 380 1089 SpeRatrix
395 1021 488 1071 animos
504 1020 553 1088 ipsa
568 1020 673 1087 juvenca
688 1019 769 1068 dabat.

208 1095 253 1148 Me
263 1111 425 1163 quoquotum
437 1095 538 1153 multis,
554 1094 596 1143 sed
605 1110 645 1143 me
658 1092 710 1145 siue
722 1090 809 1150 caede,
824 1088 926 1157 Cupide

245 1168 258 1222 J
262 1169 321 1221 ussit
336 1167 427 1219 militiae
444 1168 512 1236 rigna
528 1183 629 1219 movere
645 1166 704 1226 sua.

240 1272 891 1346 κι--Ξ-ἥὶπ»

325 1392 591 1461 'ELEGIA
645 1395 787 1460 XIII.

205 1488 277 1604 D
281 1566 300 1603 υ
309 1567 333 1603 nt
350 1554 478 1607 labefatlat
490 1573 551 1608 onus
562 1554 654 1625 gravidi
668 1554 797 1607 temeraria
807 1553 903 1607 ventris
915 1588 925 1617 ,
1008 1607 1009 1610 ,

242 1625 271 1675 ln
288 1627 361 1678 dubio
378 1630 434 1680 vitae
449 1628 504 1680 lass'a
521 1630 628 1681 Corinna
643 1630 719 1695 jacet.

205 1697 250 1748 llla
266 1701 382 1765 quidem,
400 1704 462 1754 clam
477 1720 516 1753 me
531 1716 625 1755 tantum
641 1704 725 1754 molita
742 1700 851 1771 pericli,
870 1722 873 1727 ·

241 1772 280 1821 lrl
298 1774 369 1841 digna
384 1775 438 1825 mei
455 1792 463 1827 ι
482 1776 523 1827 sed
539 1777 604 1827 eadit
620 1776 655 1827 ira
670 1789 747 1828 metu.

181 1859 193 1910 ς
206 1844 255 1895 Sed
270 1858 352 1897 tamen
366 1860 407 1899 aut
421 1865 454 1899 err
469 1866 508 1899 me
525 1849 692 1915 conceperat,
710 1860 752 1900 aut
766 1864 814 1916 ego
829 1848 927 1899 credo:

241 1916 280 1969 Est
298 1920 355 1969 mihi
372 1938 418 1988 pro
437 1922 499 1973 tatto
518 1922 603 1990 saepe,
623 1923 689 1990 quod
705 1920 752 1972 effe
768 1921 862 1988 potest.

204 1990 258 2049 lsi,
278 1990 439 2045 Paraetonium
457 1994 606 2063 genialiaque
623 2013 681 2046 arva
700 1994 797 2061 Canopi

244 2064 308 2128 Quae
321 2068 396 2126 colis,
411 2068 437 2119 ὅ(
448 2068 575 2135 Memphin
585 2068 781 2136 palmiferamque
793 2066 912 2127 Pharon,

202 2136 308 2203 Quique
324 2142 391 2191 celer
408 2142 497 2202 Nilus,
515 2143 567 2192 lato
581 2142 685 2209 dilapsus
701 2136 735 2191 ab
746 2143 841 2200 alveo,

159 2218 192 2261 10
239 2208 286 2261 Per
301 2212 393 2279 septem
411 2227 496 2281 portus
514 2215 539 2265 in
553 2216 625 2266 maris
641 2216 692 2264 exit
709 2230 810 2281 aquare

202 2280 250 2333 Per
265 2296 307 2339 tua
323 2286 388 2336 sistra
402 2304 511 2353 precor,
529 2304 573 2354 per
583 2287 702 2341 Anubidis
719 2305 763 2337 ora
779 2286 907 2341 verendia

238 2355 277 2405 Sic
293 2369 335 2409 tua
351 2358 415 2410 sacre
431 2361 485 2427 pius
500 2361 595 2428 semper
611 2361 690 2412 Osiris
708 2373 791 2419 amet,
899 2378 903 2384 ·

200 2426 319 2495 Pigraque
333 2432 428 2483 labatur
446 2434 511 2484 circa
525 2434 625 2485 donaria
642 2435 760 2499 serpens,

236 2500 269 2552 Et
286 2518 368 2556 comes
383 2506 408 2555 in
425 2524 513 2575 pompa
529 2509 643 2575 corniger
660 2507 720 2573 Apis
737 2517 798 2557 eat:

158 2586 189 2638 15
200 2574 258 2625 Huc
271 2574 357 2626 adhibe
373 2580 479 2639 vultur;
499 2580 526 2631 δι
542 2581 568 2632 in
584 2598 632 2631 una
648 2597 720 2647 parce
738 2579 846 2633 duobus.

237 2648 299 2697 Nom
316 2650 392 2699 vitam
408 2653 512 2704 dominae
527 2666 555 2704 tu
572 2654 637 2704 dabis
647 2655 717 2713 silla
733 2652 804 2714 mihi.
898 2688 922 2705 s

106 2719 108 2723 ’
197 2721 272 2786 'Saepe
290 2722 334 2773 tibi
351 2722 411 2773 sedit
432 2726 505 2775 certis
524 2740 624 2791 operata
641 2728 745 2787 diebus,

237 2794 293 2858 Qui
307 2795 382 2863 cingit
397 2797 478 2849 lauros
497 2798 592 2849 Gallica
608 2813 685 2851 turma
702 2812 765 2850 tuac.

199 2865 287 2933 Tuque
305 2870 444 2921 laborantes
463 2884 535 2921 utero
553 2871 661 2922 miserata
677 2874 790 2939 puellas,

153 2952 189 2990 ιο
239 2938 348 3007 Quarum
365 2943 433 2997 tarda
449 2946 529 3001 latens
546 2955 650 3017 corpora
666 2941 746 3022 'tendit
759 2959 848 3019 unus}
869 3018 877 3025 ἡ
