2034 3709
93 315 97 317 ·
146 285 428 360 Ηιιιοιιιιι.
451 289 532 361 ΕΡ.
559 291 694 362 XVIII.
736 291 786 383 89

72 403 114 456 An
127 405 179 456 fera
193 405 323 456 Centauris
337 406 446 457 indicere
460 408 525 457 bella
542 411 623 478 codgit

110 478 205 530 Atracis
223 478 365 530 llaemonios
381 481 543 548 Hippodamia
557 481 645 534 viros?

72 549 112 602 Tu
127 553 183 603 fore
198 565 249 603 tam
263 552 324 620 justa
336 554 429 604 lentum
445 554 579 605 Menelaon
595 556 619 606 in
633 557 686 616 ira,

108 625 267 693 Etygeminos
282 626 388 686 fratres,
405 627 609 695 Tyndareumque
624 628 718 696 puras?
791 645 807 682 2
811 647 844 695 50

74 696 150 762 Quod
162 701 228 749 bene
246 698 379 765 tejafias,
396 701 508 751 &fortia
521 701 583 752 faeta
597 703 730 763 recenses,
773 736 777 747 ·

108 771 230 822 herbis
243 772 319 823 facies
334 774 434 824 dissidet
449 774 490 824 ista
506 775 563 826 fuis.

73 843 136 911 Apta
151 846 230 913 magis
240 847 348 905 Veneri,
364 850 435 914 quim
449 847 502 898 funt
514 861 556 900 tua
572 830 674 917 torpclra
686 849 772 902 Marti.

109 918 177 968 Bella
188 932 275 986 gerant
286 920 382 971 fortes
394 933 441 980 ιιι,
457 919 512 972 Pari
521 924 636 990 ,semper
651 941 711 974 ama.

74 989 200 1050 Bellon,
218 1009 290 1058 quem
304 993 405 1052 laudas,
422 1008 509 1061 prore
523 1013 629 1064 pugnate
644 995 750 1065 jubeto.
791 1010 842 1061 ης

108 1063 201 1116 Militia
217 1064 251 1115 est
266 1065 347 1132 operis
361 1067 437 1116 altera
454 1068 525 1136 digna
541 1072 599 1121 tuis.

73 1136 118 1187 llis
135 1154 204 1205 ego,
221 1139 242 1188 si
257 1137 384 1206 saperem,
402 1142 523 1209 pauloque
539 1142 653 1194 audacior
670 1143 763 1203 essem,

109 1209 226 1262 Ureret·
241 1223 344 1272 utetur,
362 1213 444 1280 siqua
461 1217 542 1280 puella
558 1217 625 1283 sapit

77 1282 207 1352 detego,
226 1285 359 1351 deposito,
373 1287 459 1336 faciam
473 1288 589 1350 fortasse,
605 1289 721 1356 pudore,
762 1345 767 1352 .

110 1357 141 1406 Et
156 1358 221 1407 dabo
236 1356 376 1425 conjunilas
392 1371 504 1427 tempore
520 1363 581 1412 vidia
597 1381 690 1414 manus.
794 1361 846 1413 260

78 1427 150 1494 Quod
162 1432 247 1496 petis,
263 1445 291 1483 ut
304 1433 386 1483 furtim
399 1434 529 1500 praefentes
544 1438 612 1504 plura
626 1439 774 1504 loquamur,

108 1503 204 1554 Scimus
221 1505 279 1572 quid
297 1518 399 1572 captes,
421 1508 617 1576 colloquiumque
633 1527 718 1560 voces
843 1515 845 1522 “

79 1577 157 1628 Sed
132 1575 231 1626 nuuidm
241 1595 377 1663 properas,
393 1579 421 1630 &-
429 1581 508 1630 adhuc
519 1594 561 1632 rua
570 1584 654 1634 messis
666 1585 688 1633 in
701 1584 774 1633 herba
786 1581 829 1634 est
916 1585 919 1592 ’

110 1649 171 1699 llaec
186 1667 255 1700 mora
269 1653 301 1702 sit
316 1665 378 1702 roto
392 1652 472 1702 forsan
487 1655 562 1704 amica
576 1669 629 1706 ruo.

78 1722 223 1774 llaflenus:
237 1741 350 1774 arcanum
365 1725 461 1776 furtive
477 1728 572 1778 conscia
587 1729 674 1780 mentis
793 1727 844 1791 265

14 1832 16 1847 2
110 1795 216 1846 litera
208 1814 276 1863 qam,
292 1798 351 1849 laffo
365 1799 474 1864 pollice,
493 1801 558 1851 sistat
573 1819 643 1869 opus.

15 1872 16 1888 ¹
77 1867 167 1920 Cetera
180 1886 227 1935 per
242 1871 317 1922 socias
334 1871 470 1956 Clymenen
483 1872 643 1943 AEthramque
659 1877 805 1944 loquamur

16 2264 18 2459 l

111 1941 176 2007 Qum
191 1943 251 1993 mihi
263 1943 317 1995 suut
333 1945 435 1996 comites
451 1948 625 2016 conciliumque
642 1949 705 2000 duae

155 2176 501 2240 EPISTOLA
543 2172 706 2236 XVIII.

196 2303 420 2362 ὶιιιιυιιι
460 2304 665 2361 Ηιιιοιιι.

78 2391 257 2510 Mirm
266 2450 423 2524 Abydum
437 2472 508 2524 quam
518 2455 694 2515 mallerferre,
694 2452 832 2516 salutem,

113 2531 138 2580 Si
155 2531 250 2581 cadat'
242 2547 279 2580 rra
297 2531 386 2590 maris,
406 2531 471 2580 Selia
485 2530 588 2596 puella,
603 2527 658 2578 tibi.

78 2603 103 2654 Si
119 2604 176 2654 milri
191 2603 228 2654 Di
244 2603 331 2653 faciles
349 2604 376 2654 δι
394 2603 470 2654 funt*
463 2621 488 2654 m
504 2619 588 2652 amore
603 2601 721 2662 secundi,

112 2677 196 2727 Invitis
212 2677 291 2726 oculis
305 2677 361 2726 haec
377 2693 430 2726 mea
445 2677 521 2727 verba
537 2677 615 2744 leger.

79 2749 125 2800 Sed
135 2767 184 2799 uon
194 2751 250 2800 funt
260 2749 367 2800 faciles.
380 2767 434 2799 nam
444 2767 487 2800 cur
497 2765 551 2798 mea
560 2761 619 2799 vora
630 2760 755 2798 morentur
765 2743 776 2797 l
798 2760 811 2810 5

113 2823 218 2873 Currere
235 2839 275 2872 me
292 2822 351 2872 nord
367 2839 413 2872 nec
429 2824 551 2888 patiantur
567 2819 653 2888 aqud?

80 2895 129 2962 lpfe
140 2897 211 2947 vider
224 2897 317 2949 coeliuu
332 2896 387 2961 pice
402 2896 514 2962 nigrius,
532 2894 558 2944 δι
574 2895 638 2944 freta
651 2890 736 2943 ventio

16 3006 18 3037 ι
112 2969 240 3030 Turbida,
258 2985 351 3037 perque
368 2985 440 3022 cevas
453 2969 494 3022 vix
511 2965 621 3022 adeunda
635 2976 713 3017 rates.
