<?xml version="1.0" encoding="UTF-8"?>
<!DOCTYPE html PUBLIC "-//W3C//DTD XHTML 1.0 Transitional//EN"
    "http://www.w3.org/TR/xhtml1/DTD/xhtml1-transitional.dtd">
<html xmlns="http://www.w3.org/1999/xhtml" xml:lang="en" lang="en">
 <head>
  <title>
</title>
<meta http-equiv="Content-Type" content="text/html;charset=utf-8" />
  <meta name='ocr-system' content='tesseract 3.04.00' />
  <meta name='ocr-capabilities' content='ocr_page ocr_carea ocr_par ocr_line ocrx_word'/>
</head>
<body>
  <div class='ocr_page' id='page_1' title='image "./povidiinasoniso07ovidgoog_0124.png"; bbox 0 0 2034 3709; ppageno 0'>
   <div class='ocr_carea' id='block_1_1' title="bbox 224 279 862 356">
    <p class='ocr_par' dir='ltr' id='par_1_1' title="bbox 224 279 862 356">
     <span class='ocr_line' id='line_1_1' title="bbox 224 279 862 356; baseline -0.006 0"><span class='ocrx_word' id='word_1_1' title='bbox 224 303 299 356; x_wconf 88' lang='lat' dir='ltr'>roo</span> <span class='ocrx_word' id='word_1_2' title='bbox 346 279 388 350; x_wconf 88' lang='lat' dir='ltr'>P.</span> <span class='ocrx_word' id='word_1_3' title='bbox 415 280 604 352; x_wconf 71' lang='lat' dir='ltr'>Orrnrr</span> <span class='ocrx_word' id='word_1_4' title='bbox 629 279 862 352; x_wconf 60' lang='lat' dir='ltr'>Narours</span> 
     </span>
    </p>
   </div>
   <div class='ocr_carea' id='block_1_2' title="bbox 161 399 1006 2956">
    <p class='ocr_par' dir='ltr' id='par_1_2' title="bbox 161 399 1006 2956">
     <span class='ocr_line' id='line_1_2' title="bbox 220 399 815 470; baseline -0.002 -16"><span class='ocrx_word' id='word_1_5' title='bbox 220 403 272 454; x_wconf 79' lang='lat' dir='ltr'>cur</span> <span class='ocrx_word' id='word_1_6' title='bbox 285 400 378 470; x_wconf 79' lang='lat' dir='ltr'>igitur,</span> <span class='ocrx_word' id='word_1_7' title='bbox 395 400 472 451; x_wconf 78' lang='lat' dir='ltr'>toties</span> <span class='ocrx_word' id='word_1_8' title='bbox 488 399 554 450; x_wconf 81' lang='lat' dir='ltr'>vires</span> <span class='ocrx_word' id='word_1_9' title='bbox 572 413 688 466; x_wconf 83' lang='lat' dir='ltr'>expertus</span> <span class='ocrx_word' id='word_1_10' title='bbox 703 403 815 462; x_wconf 80' lang='lat' dir='ltr'>amoris,</span> 
     </span>
     <span class='ocr_line' id='line_1_3' title="bbox 161 474 770 538; baseline -0.002 -12"><span class='ocrx_word' id='word_1_11' title='bbox 161 489 212 538; x_wconf 85' lang='lat'>140</span> <span class='ocrx_word' id='word_1_12' title='bbox 257 475 380 526; x_wconf 68' lang='lat' dir='ltr'>nunctum</span> <span class='ocrx_word' id='word_1_13' title='bbox 395 475 465 524; x_wconf 82' lang='lat' dir='ltr'>nobis</span> <span class='ocrx_word' id='word_1_14' title='bbox 479 474 577 523; x_wconf 82' lang='lat' dir='ltr'><strong>turbine</strong></span> <span class='ocrx_word' id='word_1_15' title='bbox 593 475 685 524; x_wconf 83' lang='lat' dir='ltr'>claudis</span> <span class='ocrx_word' id='word_1_16' title='bbox 699 474 770 525; x_wconf 83' lang='lat' dir='ltr'>iter?</span> 
     </span>
     <span class='ocr_line' id='line_1_4' title="bbox 221 547 891 614; baseline 0 -13"><span class='ocrx_word' id='word_1_17' title='bbox 221 548 315 607; x_wconf 75' lang='lat' dir='ltr'>Parce,</span> <span class='ocrx_word' id='word_1_18' title='bbox 332 549 422 607; x_wconf 64' lang='lat' dir='ltr'>ieron</span> <span class='ocrx_word' id='word_1_19' title='bbox 437 548 537 614; x_wconf 81' lang='lat' dir='ltr'>lotoque</span> <span class='ocrx_word' id='word_1_20' title='bbox 552 547 612 596; x_wconf 86' lang='lat' dir='ltr'>mari</span> <span class='ocrx_word' id='word_1_21' title='bbox 628 559 670 598; x_wconf 82' lang='lat' dir='ltr'>tua</span> <span class='ocrx_word' id='word_1_22' title='bbox 685 549 773 614; x_wconf 84' lang='lat' dir='ltr'>proelia</span> <span class='ocrx_word' id='word_1_23' title='bbox 787 549 864 599; x_wconf 86' lang='lat' dir='ltr'>misce</span> <span class='ocrx_word' id='word_1_24' title='bbox 879 561 891 601; x_wconf 72' lang='grc' dir='ltr'><em>ε</em></span> 
     </span>
     <span class='ocr_line' id='line_1_5' title="bbox 257 620 1006 682; baseline -0.004 -9"><span class='ocrx_word' id='word_1_25' title='bbox 257 621 358 673; x_wconf 85' lang='lat' dir='ltr'>Seducit</span> <span class='ocrx_word' id='word_1_26' title='bbox 373 633 450 672; x_wconf 75' lang='lat' dir='ltr'>terror</span> <span class='ocrx_word' id='word_1_27' title='bbox 465 622 519 673; x_wconf 76' lang='lat' dir='ltr'>haec</span> <span class='ocrx_word' id='word_1_28' title='bbox 537 620 619 671; x_wconf 86' lang='lat' dir='ltr'>brevis</span> <span class='ocrx_word' id='word_1_29' title='bbox 637 621 701 670; x_wconf 84' lang='lat' dir='ltr'>unda</span> <span class='ocrx_word' id='word_1_30' title='bbox 720 622 790 671; x_wconf 80' lang='lat' dir='ltr'>duas.</span> <span class='ocrx_word' id='word_1_31' title='bbox 1005 677 1006 682; x_wconf 13' lang='lat'>¹</span> 
     </span>
     <span class='ocr_line' id='line_1_6' title="bbox 220 692 1006 762; baseline 0.001 -15"><span class='ocrx_word' id='word_1_32' title='bbox 220 695 260 747; x_wconf 88' lang='lat' dir='ltr'>Te</span> <span class='ocrx_word' id='word_1_33' title='bbox 278 695 352 746; x_wconf 88' lang='lat' dir='ltr'>decet</span> <span class='ocrx_word' id='word_1_34' title='bbox 366 707 408 745; x_wconf 81' lang='lat' dir='ltr'>aut</span> <span class='ocrx_word' id='word_1_35' title='bbox 423 710 521 762; x_wconf 79' lang='lat' dir='ltr'>magnas</span> <span class='ocrx_word' id='word_1_36' title='bbox 536 710 649 762; x_wconf 80' lang='lat' dir='ltr'>magnum</span> <span class='ocrx_word' id='word_1_37' title='bbox 666 692 757 760; x_wconf 64' lang='lat' dir='ltr'>jadare</span> <span class='ocrx_word' id='word_1_38' title='bbox 773 693 897 752; x_wconf 77' lang='lat' dir='ltr'>carinrs3</span> <span class='ocrx_word' id='word_1_39' title='bbox 1005 743 1006 748; x_wconf 75' lang='grc'>,</span> 
     </span>
     <span class='ocr_line' id='line_1_7' title="bbox 256 766 798 821; baseline -0.004 -1"><span class='ocrx_word' id='word_1_40' title='bbox 256 767 309 821; x_wconf 80' lang='lat' dir='ltr'>Aut</span> <span class='ocrx_word' id='word_1_41' title='bbox 324 767 397 819; x_wconf 81' lang='lat' dir='ltr'>etiam</span> <span class='ocrx_word' id='word_1_42' title='bbox 415 769 475 818; x_wconf 78' lang='lat' dir='ltr'>totis</span> <span class='ocrx_word' id='word_1_43' title='bbox 491 767 607 818; x_wconf 82' lang='lat' dir='ltr'>classibus</span> <span class='ocrx_word' id='word_1_44' title='bbox 626 766 674 818; x_wconf 82' lang='lat' dir='ltr'>effe</span> <span class='ocrx_word' id='word_1_45' title='bbox 693 779 798 818; x_wconf 82' lang='lat' dir='ltr'><strong>trucem.</strong></span> 
     </span>
     <span class='ocr_line' id='line_1_8' title="bbox 161 839 884 909; baseline -0.008 -15"><span class='ocrx_word' id='word_1_46' title='bbox 161 857 194 906; x_wconf 81' lang='lat'>14</span> <span class='ocrx_word' id='word_1_47' title='bbox 198 857 210 906; x_wconf 88' lang='lat'><em>5</em></span> <span class='ocrx_word' id='word_1_48' title='bbox 221 841 307 908; x_wconf 84' lang='lat' dir='ltr'>Turpe</span> <span class='ocrx_word' id='word_1_49' title='bbox 321 842 380 892; x_wconf 92' lang='lat' dir='ltr'>Deo</span> <span class='ocrx_word' id='word_1_50' title='bbox 395 839 476 909; x_wconf 77' lang='lat' dir='ltr'>pelagi</span> <span class='ocrx_word' id='word_1_51' title='bbox 491 839 608 907; x_wconf 84' lang='lat' dir='ltr'>juvenem</span> <span class='ocrx_word' id='word_1_52' title='bbox 625 853 720 891; x_wconf 89' lang='lat' dir='ltr'>terrere</span> <span class='ocrx_word' id='word_1_53' title='bbox 736 851 884 899; x_wconf 83' lang='lat' dir='ltr'>notantem,</span> 
     </span>
     <span class='ocr_line' id='line_1_9' title="bbox 259 913 866 982; baseline -0.002 -17"><span class='ocrx_word' id='word_1_54' title='bbox 259 914 395 980; x_wconf 75' lang='lat' dir='ltr'>Gloriaque</span> <span class='ocrx_word' id='word_1_55' title='bbox 408 913 442 964; x_wconf 76' lang='lat' dir='ltr'>est</span> <span class='ocrx_word' id='word_1_56' title='bbox 457 914 540 982; x_wconf 77' lang='lat' dir='ltr'>stagno</span> <span class='ocrx_word' id='word_1_57' title='bbox 557 913 667 982; x_wconf 89' lang='lat' dir='ltr'>quolibet</span> <span class='ocrx_word' id='word_1_58' title='bbox 682 913 722 964; x_wconf 78' lang='lat' dir='ltr'>ista</span> <span class='ocrx_word' id='word_1_59' title='bbox 737 915 826 964; x_wconf 90' lang='lat' dir='ltr'>rniuor.</span> <span class='ocrx_word' id='word_1_60' title='bbox 861 927 866 932; x_wconf 84' lang='lat'>&#39;</span> 
     </span>
     <span class='ocr_line' id='line_1_10' title="bbox 221 987 925 1055; baseline -0.007 -15"><span class='ocrx_word' id='word_1_61' title='bbox 221 988 317 1040; x_wconf 84' lang='lat' dir='ltr'>Nobilis</span> <span class='ocrx_word' id='word_1_62' title='bbox 328 988 370 1037; x_wconf 90' lang='lat' dir='ltr'>ille</span> <span class='ocrx_word' id='word_1_63' title='bbox 382 987 479 1054; x_wconf 86' lang='lat' dir='ltr'>quidem</span> <span class='ocrx_word' id='word_1_64' title='bbox 488 987 541 1047; x_wconf 84' lang='lat' dir='ltr'>est,</span> <span class='ocrx_word' id='word_1_65' title='bbox 561 988 587 1038; x_wconf 84' lang='lat' dir='ltr'>dt</span> <span class='ocrx_word' id='word_1_66' title='bbox 598 987 677 1038; x_wconf 79' lang='lat' dir='ltr'>clrr&#39;ur</span> <span class='ocrx_word' id='word_1_67' title='bbox 687 987 781 1055; x_wconf 81' lang='lat' dir='ltr'>origine</span> <span class='ocrx_word' id='word_1_68' title='bbox 794 1004 803 1039; x_wconf 78' lang='lat' dir='ltr'>c</span> <span class='ocrx_word' id='word_1_69' title='bbox 816 987 857 1038; x_wconf 86' lang='lat' dir='ltr'>sed</span> <span class='ocrx_word' id='word_1_70' title='bbox 869 1001 925 1036; x_wconf 87' lang='lat' dir='ltr'>non</span> 
     </span>
     <span class='ocr_line' id='line_1_11' title="bbox 257 1059 749 1128; baseline -0.008 -16"><span class='ocrx_word' id='word_1_71' title='bbox 257 1062 281 1112; x_wconf 78' lang='lat' dir='ltr'>A</span> <span class='ocrx_word' id='word_1_72' title='bbox 295 1061 341 1111; x_wconf 91' lang='lat' dir='ltr'>tibi</span> <span class='ocrx_word' id='word_1_73' title='bbox 355 1060 463 1128; x_wconf 71' lang='lat' dir='ltr'>suspebbo</span> <span class='ocrx_word' id='word_1_74' title='bbox 478 1059 546 1111; x_wconf 87' lang='lat' dir='ltr'>ducit</span> <span class='ocrx_word' id='word_1_75' title='bbox 563 1059 648 1128; x_wconf 86' lang='lat' dir='ltr'>Ulyss&#39;e</span> <span class='ocrx_word' id='word_1_76' title='bbox 663 1077 749 1128; x_wconf 77' lang='lat' dir='ltr'>genus.</span> 
     </span>
     <span class='ocr_line' id='line_1_12' title="bbox 222 1131 943 1201; baseline -0.004 -16"><span class='ocrx_word' id='word_1_77' title='bbox 222 1135 264 1185; x_wconf 85' lang='lat' dir='ltr'>Da</span> <span class='ocrx_word' id='word_1_78' title='bbox 276 1134 390 1191; x_wconf 81' lang='lat' dir='ltr'>veniam,</span> <span class='ocrx_word' id='word_1_79' title='bbox 407 1133 523 1201; x_wconf 78' lang='lat' dir='ltr'>serraque</span> <span class='ocrx_word' id='word_1_80' title='bbox 538 1133 599 1184; x_wconf 83' lang='lat' dir='ltr'>duos</span> <span class='ocrx_word' id='word_1_81' title='bbox 614 1149 621 1184; x_wconf 74' lang='grc' dir='ltr'><strong>ι</strong></span> <span class='ocrx_word' id='word_1_82' title='bbox 638 1146 706 1186; x_wconf 79' lang='lat' dir='ltr'>natat</span> <span class='ocrx_word' id='word_1_83' title='bbox 721 1134 785 1192; x_wconf 86' lang='lat' dir='ltr'>ille;</span> <span class='ocrx_word' id='word_1_84' title='bbox 804 1133 847 1184; x_wconf 90' lang='lat' dir='ltr'>sed</span> <span class='ocrx_word' id='word_1_85' title='bbox 861 1131 943 1184; x_wconf 86' lang='lat' dir='ltr'>isdem</span> 
     </span>
     <span class='ocr_line' id='line_1_13' title="bbox 164 1205 857 1274; baseline -0.004 -15"><span class='ocrx_word' id='word_1_86' title='bbox 164 1223 215 1273; x_wconf 83' lang='lat'>150</span> <span class='ocrx_word' id='word_1_87' title='bbox 259 1206 357 1274; x_wconf 81' lang='lat' dir='ltr'>Corpus</span> <span class='ocrx_word' id='word_1_88' title='bbox 372 1205 495 1268; x_wconf 81' lang='lat' dir='ltr'>Leandri,</span> <span class='ocrx_word' id='word_1_89' title='bbox 513 1206 565 1273; x_wconf 82' lang='lat' dir='ltr'>spes</span> <span class='ocrx_word' id='word_1_90' title='bbox 581 1223 653 1266; x_wconf 79' lang='lat' dir='ltr'>mea,</span> <span class='ocrx_word' id='word_1_91' title='bbox 668 1207 761 1274; x_wconf 87' lang='lat' dir='ltr'>pendet</span> <span class='ocrx_word' id='word_1_92' title='bbox 778 1208 857 1273; x_wconf 82' lang='lat' dir='ltr'>aquis.</span> 
     </span>
     <span class='ocr_line' id='line_1_14' title="bbox 223 1279 1006 1346; baseline -0.003 -14"><span class='ocrx_word' id='word_1_93' title='bbox 223 1280 373 1332; x_wconf 84' lang='lat' dir='ltr'>Sternuit&amp;</span> <span class='ocrx_word' id='word_1_94' title='bbox 390 1281 493 1339; x_wconf 78' lang='lat' dir='ltr'>lumen3</span> <span class='ocrx_word' id='word_1_95' title='bbox 510 1279 591 1346; x_wconf 83' lang='lat' dir='ltr'>posito</span> <span class='ocrx_word' id='word_1_96' title='bbox 605 1297 660 1330; x_wconf 84' lang='lat' dir='ltr'>nam</span> <span class='ocrx_word' id='word_1_97' title='bbox 678 1279 803 1331; x_wconf 84' lang='lat' dir='ltr'>scribimus</span> <span class='ocrx_word' id='word_1_98' title='bbox 820 1281 875 1330; x_wconf 84' lang='lat' dir='ltr'>illo.</span> <span class='ocrx_word' id='word_1_99' title='bbox 1005 1299 1006 1338; x_wconf 64' lang='lat' dir='ltr'>i</span> 
     </span>
     <span class='ocr_line' id='line_1_15' title="bbox 260 1341 1006 1432; baseline -0.001 -29"><span class='ocrx_word' id='word_1_100' title='bbox 260 1352 388 1411; x_wconf 85' lang='lat' dir='ltr'>Sternuit,</span> <span class='ocrx_word' id='word_1_101' title='bbox 406 1353 433 1406; x_wconf 78' lang='lat' dir='ltr'>dt</span> <span class='ocrx_word' id='word_1_102' title='bbox 449 1354 520 1406; x_wconf 82' lang='lat' dir='ltr'>uobis</span> <span class='ocrx_word' id='word_1_103' title='bbox 534 1353 649 1432; x_wconf 75' lang='lat' dir='ltr'>prospera</span> <span class='ocrx_word' id='word_1_104' title='bbox 664 1353 732 1420; x_wconf 81' lang='lat' dir='ltr'>signa</span> <span class='ocrx_word' id='word_1_105' title='bbox 749 1353 828 1404; x_wconf 88' lang='lat' dir='ltr'>dedit.</span> <span class='ocrx_word' id='word_1_106' title='bbox 1005 1341 1006 1358; x_wconf 53' lang='lat'>¹</span> 
     </span>
     <span class='ocr_line' id='line_1_16' title="bbox 223 1425 864 1494; baseline -0.002 -18"><span class='ocrx_word' id='word_1_107' title='bbox 223 1425 289 1476; x_wconf 83' lang='lat' dir='ltr'>Ecce</span> <span class='ocrx_word' id='word_1_108' title='bbox 304 1441 397 1476; x_wconf 88' lang='lat' dir='ltr'>merum</span> <span class='ocrx_word' id='word_1_109' title='bbox 413 1426 495 1477; x_wconf 86' lang='lat' dir='ltr'>nutrix</span> <span class='ocrx_word' id='word_1_110' title='bbox 513 1425 601 1477; x_wconf 74' lang='lat' dir='ltr'>faustos</span> <span class='ocrx_word' id='word_1_111' title='bbox 620 1425 716 1476; x_wconf 81' lang='lat' dir='ltr'>instillat</span> <span class='ocrx_word' id='word_1_112' title='bbox 731 1425 756 1476; x_wconf 91' lang='lat' dir='ltr'>in</span> <span class='ocrx_word' id='word_1_113' title='bbox 766 1425 864 1494; x_wconf 79' lang='lat' dir='ltr'>&#39;ignerr</span> 
     </span>
     <span class='ocr_line' id='line_1_17' title="bbox 260 1498 894 1567; baseline -0.002 -17"><span class='ocrx_word' id='word_1_114' title='bbox 260 1498 369 1566; x_wconf 78' lang='lat' dir='ltr'>erasque</span> <span class='ocrx_word' id='word_1_115' title='bbox 387 1499 475 1551; x_wconf 78' lang='lat' dir='ltr'>erimus</span> <span class='ocrx_word' id='word_1_116' title='bbox 488 1500 589 1566; x_wconf 85' lang='lat' dir='ltr'>plures,</span> <span class='ocrx_word' id='word_1_117' title='bbox 606 1499 702 1567; x_wconf 85' lang='lat' dir='ltr'>inquit:</span> <span class='ocrx_word' id='word_1_118' title='bbox 715 1499 741 1550; x_wconf 79' lang='grc' dir='ltr'>δι</span> <span class='ocrx_word' id='word_1_119' title='bbox 756 1499 805 1566; x_wconf 82' lang='lat' dir='ltr'>ipsa</span> <span class='ocrx_word' id='word_1_120' title='bbox 822 1499 894 1549; x_wconf 87' lang='lat' dir='ltr'>bibit.</span> 
     </span>
     <span class='ocr_line' id='line_1_18' title="bbox 165 1569 864 1640; baseline -0.001 -15"><span class='ocrx_word' id='word_1_121' title='bbox 165 1587 213 1640; x_wconf 82' lang='lat'>155</span> <span class='ocrx_word' id='word_1_122' title='bbox 223 1569 300 1622; x_wconf 85' lang='lat' dir='ltr'>Effice</span> <span class='ocrx_word' id='word_1_123' title='bbox 314 1588 360 1624; x_wconf 80' lang='lat' dir='ltr'>nos</span> <span class='ocrx_word' id='word_1_124' title='bbox 376 1573 477 1638; x_wconf 83' lang='lat' dir='ltr'>plures,</span> <span class='ocrx_word' id='word_1_125' title='bbox 498 1572 576 1623; x_wconf 73' lang='lat' dir='ltr'>ovida</span> <span class='ocrx_word' id='word_1_126' title='bbox 590 1589 634 1638; x_wconf 88' lang='lat' dir='ltr'>per</span> <span class='ocrx_word' id='word_1_127' title='bbox 649 1589 747 1640; x_wconf 83' lang='lat' dir='ltr'>aequora</span> <span class='ocrx_word' id='word_1_128' title='bbox 764 1572 864 1638; x_wconf 82' lang='lat' dir='ltr'>lapsus,</span> 
     </span>
     <span class='ocr_line' id='line_1_19' title="bbox 180 1644 790 1712; baseline -0.002 -17"><span class='ocrx_word' id='word_1_129' title='bbox 180 1644 183 1650; x_wconf 57' lang='lat'><strong>⁴</strong></span> <span class='ocrx_word' id='word_1_130' title='bbox 261 1644 286 1695; x_wconf 94' lang='lat'>0</span> <span class='ocrx_word' id='word_1_131' title='bbox 304 1644 311 1695; x_wconf 88' lang='lat'>!</span> <span class='ocrx_word' id='word_1_132' title='bbox 330 1645 426 1712; x_wconf 83' lang='lat' dir='ltr'>penitus</span> <span class='ocrx_word' id='word_1_133' title='bbox 440 1658 496 1696; x_wconf 92' lang='lat' dir='ltr'>toto</span> <span class='ocrx_word' id='word_1_134' title='bbox 514 1647 589 1695; x_wconf 89' lang='lat' dir='ltr'>corde</span> <span class='ocrx_word' id='word_1_135' title='bbox 605 1658 706 1711; x_wconf 89' lang='lat' dir='ltr'>recepte</span> <span class='ocrx_word' id='word_1_136' title='bbox 720 1645 790 1694; x_wconf 86' lang='lat' dir='ltr'>mihi.</span> 
     </span>
     <span class='ocr_line' id='line_1_20' title="bbox 224 1717 827 1778; baseline 0 -10"><span class='ocrx_word' id='word_1_137' title='bbox 224 1717 253 1768; x_wconf 86' lang='lat' dir='ltr'>ln</span> <span class='ocrx_word' id='word_1_138' title='bbox 270 1730 312 1768; x_wconf 86' lang='lat' dir='ltr'>tua</span> <span class='ocrx_word' id='word_1_139' title='bbox 329 1717 402 1769; x_wconf 78' lang='lat' dir='ltr'>castra</span> <span class='ocrx_word' id='word_1_140' title='bbox 417 1718 490 1778; x_wconf 88' lang='lat' dir='ltr'>redi,</span> <span class='ocrx_word' id='word_1_141' title='bbox 511 1717 569 1768; x_wconf 89' lang='lat' dir='ltr'>socii</span> <span class='ocrx_word' id='word_1_142' title='bbox 586 1717 695 1768; x_wconf 89' lang='lat' dir='ltr'>desertor</span> <span class='ocrx_word' id='word_1_143' title='bbox 710 1717 827 1768; x_wconf 71' lang='lat' dir='ltr'>Amorisr</span> 
     </span>
     <span class='ocr_line' id='line_1_21' title="bbox 260 1788 1006 1860; baseline 0.001 -20"><span class='ocrx_word' id='word_1_144' title='bbox 260 1788 385 1843; x_wconf 85' lang='lat' dir='ltr'>Ponuntur</span> <span class='ocrx_word' id='word_1_145' title='bbox 399 1791 480 1841; x_wconf 89' lang='lat' dir='ltr'>medio</span> <span class='ocrx_word' id='word_1_146' title='bbox 496 1807 540 1842; x_wconf 89' lang='lat' dir='ltr'>cur</span> <span class='ocrx_word' id='word_1_147' title='bbox 556 1807 611 1841; x_wconf 81' lang='lat' dir='ltr'>mea</span> <span class='ocrx_word' id='word_1_148' title='bbox 626 1792 731 1842; x_wconf 86' lang='lat' dir='ltr'>membra</span> <span class='ocrx_word' id='word_1_149' title='bbox 747 1789 829 1841; x_wconf 75' lang='lat' dir='ltr'>toro?</span> <span class='ocrx_word' id='word_1_150' title='bbox 1005 1857 1006 1860; x_wconf 8' lang='grc' dir='ltr'><strong>Ἴ</strong></span> 
     </span>
     <span class='ocr_line' id='line_1_22' title="bbox 224 1859 944 1932; baseline 0.004 -19"><span class='ocrx_word' id='word_1_151' title='bbox 224 1861 301 1928; x_wconf 86' lang='lat' dir='ltr'>Quod</span> <span class='ocrx_word' id='word_1_152' title='bbox 316 1865 417 1924; x_wconf 81' lang='lat' dir='ltr'>timeas,</span> <span class='ocrx_word' id='word_1_153' title='bbox 437 1881 486 1915; x_wconf 91' lang='lat' dir='ltr'>non</span> <span class='ocrx_word' id='word_1_154' title='bbox 504 1863 538 1914; x_wconf 83' lang='lat' dir='ltr'>est</span> <span class='ocrx_word' id='word_1_155' title='bbox 554 1881 561 1916; x_wconf 73' lang='grc' dir='ltr'><strong>ε</strong></span> <span class='ocrx_word' id='word_1_156' title='bbox 580 1865 637 1914; x_wconf 85' lang='lat' dir='ltr'>auso</span> <span class='ocrx_word' id='word_1_157' title='bbox 654 1865 741 1918; x_wconf 85' lang='lat' dir='ltr'>Venus</span> <span class='ocrx_word' id='word_1_158' title='bbox 755 1864 805 1932; x_wconf 84' lang='lat' dir='ltr'>ipsa</span> <span class='ocrx_word' id='word_1_159' title='bbox 821 1859 944 1916; x_wconf 79' lang='lat' dir='ltr'>favebire</span> 
     </span>
     <span class='ocr_line' id='line_1_23' title="bbox 166 1937 857 2005; baseline -0.006 -13"><span class='ocrx_word' id='word_1_160' title='bbox 166 1939 215 1992; x_wconf 85' lang='lat'>160</span> <span class='ocrx_word' id='word_1_161' title='bbox 251 1937 361 1998; x_wconf 65' lang='lat' dir='ltr'>,Sternet</span> <span class='ocrx_word' id='word_1_162' title='bbox 377 1937 403 1989; x_wconf 79' lang='lat' dir='ltr'>dr</span> <span class='ocrx_word' id='word_1_163' title='bbox 418 1953 543 2004; x_wconf 77' lang='lat' dir='ltr'>aequoreae</span> <span class='ocrx_word' id='word_1_164' title='bbox 556 1941 570 1996; x_wconf 85' lang='lat'>,&#39;</span> <span class='ocrx_word' id='word_1_165' title='bbox 584 1953 682 2005; x_wconf 81' lang='lat' dir='ltr'>aequore</span> <span class='ocrx_word' id='word_1_166' title='bbox 700 1949 776 1996; x_wconf 81' lang='lat' dir='ltr'>nato,</span> <span class='ocrx_word' id='word_1_167' title='bbox 793 1937 857 1989; x_wconf 80' lang='lat' dir='ltr'>vias.</span> 
     </span>
     <span class='ocr_line' id='line_1_24' title="bbox 225 2009 848 2078; baseline -0.002 -17"><span class='ocrx_word' id='word_1_168' title='bbox 225 2009 264 2061; x_wconf 87' lang='lat' dir='ltr'>Ire</span> <span class='ocrx_word' id='word_1_169' title='bbox 279 2011 343 2061; x_wconf 76' lang='lat' dir='ltr'>iiber</span> <span class='ocrx_word' id='word_1_170' title='bbox 357 2011 460 2061; x_wconf 80' lang='lat' dir='ltr'>tumidas</span> <span class='ocrx_word' id='word_1_171' title='bbox 477 2011 524 2078; x_wconf 87' lang='lat' dir='ltr'>ipsi</span> <span class='ocrx_word' id='word_1_172' title='bbox 541 2010 598 2060; x_wconf 88' lang='lat' dir='ltr'>mihi</span> <span class='ocrx_word' id='word_1_173' title='bbox 612 2011 674 2078; x_wconf 72' lang='lat' dir='ltr'>sepe</span> <span class='ocrx_word' id='word_1_174' title='bbox 690 2027 736 2078; x_wconf 86' lang='lat' dir='ltr'>per</span> <span class='ocrx_word' id='word_1_175' title='bbox 749 2011 826 2060; x_wconf 80' lang='lat' dir='ltr'>undas</span> <span class='ocrx_word' id='word_1_176' title='bbox 839 2028 848 2061; x_wconf 75' lang='lat' dir='ltr'>t</span> 
     </span>
     <span class='ocr_line' id='line_1_25' title="bbox 261 2079 867 2137; baseline 0.003 -5"><span class='ocrx_word' id='word_1_177' title='bbox 261 2084 310 2133; x_wconf 89' lang='lat' dir='ltr'>Sed</span> <span class='ocrx_word' id='word_1_178' title='bbox 329 2079 391 2135; x_wconf 82' lang='lat' dir='ltr'>solet</span> <span class='ocrx_word' id='word_1_179' title='bbox 408 2085 457 2135; x_wconf 92' lang='lat' dir='ltr'>hoc</span> <span class='ocrx_word' id='word_1_180' title='bbox 475 2084 580 2135; x_wconf 80' lang='lat' dir='ltr'>maribus</span> <span class='ocrx_word' id='word_1_181' title='bbox 599 2084 676 2134; x_wconf 89' lang='lat' dir='ltr'>tutius</span> <span class='ocrx_word' id='word_1_182' title='bbox 697 2081 743 2134; x_wconf 78' lang='lat' dir='ltr'>effe</span> <span class='ocrx_word' id='word_1_183' title='bbox 764 2084 867 2137; x_wconf 84' lang='lat' dir='ltr'>fretum.</span> 
     </span>
     <span class='ocr_line' id='line_1_26' title="bbox 225 2155 1006 2226; baseline 0.003 -19"><span class='ocrx_word' id='word_1_184' title='bbox 225 2157 287 2207; x_wconf 81' lang='lat' dir='ltr'>Nom</span> <span class='ocrx_word' id='word_1_185' title='bbox 304 2173 367 2217; x_wconf 89' lang='lat' dir='ltr'>cur,</span> <span class='ocrx_word' id='word_1_186' title='bbox 387 2159 436 2208; x_wconf 90' lang='lat' dir='ltr'>hoc</span> <span class='ocrx_word' id='word_1_187' title='bbox 452 2158 527 2208; x_wconf 65' lang='lat' dir='ltr'>vedis</span> <span class='ocrx_word' id='word_1_188' title='bbox 542 2155 641 2226; x_wconf 85' lang='lat' dir='ltr'>Phryxo</span> <span class='ocrx_word' id='word_1_189' title='bbox 658 2155 798 2226; x_wconf 82' lang='lat' dir='ltr'>Phryxique</span> <span class='ocrx_word' id='word_1_190' title='bbox 815 2157 926 2218; x_wconf 78' lang='lat' dir='ltr'>sorore,¹</span> <span class='ocrx_word' id='word_1_191' title='bbox 1005 2157 1006 2220; x_wconf 67' lang='lat' dir='ltr'>J</span> 
     </span>
     <span class='ocr_line' id='line_1_27' title="bbox 262 2227 811 2298; baseline 0.002 -19"><span class='ocrx_word' id='word_1_192' title='bbox 262 2229 319 2280; x_wconf 84' lang='lat' dir='ltr'>Sola</span> <span class='ocrx_word' id='word_1_193' title='bbox 334 2229 401 2281; x_wconf 89' lang='lat' dir='ltr'>dedit</span> <span class='ocrx_word' id='word_1_194' title='bbox 418 2229 488 2280; x_wconf 78' lang='lat' dir='ltr'>vadis</span> <span class='ocrx_word' id='word_1_195' title='bbox 505 2230 594 2282; x_wconf 83' lang='lat' dir='ltr'>femina</span> <span class='ocrx_word' id='word_1_196' title='bbox 610 2247 700 2282; x_wconf 90' lang='lat' dir='ltr'>nomen</span> <span class='ocrx_word' id='word_1_197' title='bbox 718 2227 811 2298; x_wconf 80' lang='lat' dir='ltr'>aquis?</span> 
     </span>
     <span class='ocr_line' id='line_1_28' title="bbox 167 2301 1006 2371; baseline -0.005 -15"><span class='ocrx_word' id='word_1_198' title='bbox 167 2303 214 2371; x_wconf 82' lang='lat'>165</span> <span class='ocrx_word' id='word_1_199' title='bbox 226 2302 338 2353; x_wconf 76' lang='lat' dir='ltr'>Forsitan</span> <span class='ocrx_word' id='word_1_200' title='bbox 356 2305 386 2353; x_wconf 81' lang='lat' dir='ltr'>ad</span> <span class='ocrx_word' id='word_1_201' title='bbox 402 2305 507 2354; x_wconf 89' lang='lat' dir='ltr'>reditum</span> <span class='ocrx_word' id='word_1_202' title='bbox 521 2315 614 2354; x_wconf 85' lang='lat' dir='ltr'>metuas</span> <span class='ocrx_word' id='word_1_203' title='bbox 631 2319 663 2354; x_wconf 92' lang='lat' dir='ltr'>ne</span> <span class='ocrx_word' id='word_1_204' title='bbox 679 2316 791 2371; x_wconf 80' lang='lat' dir='ltr'>tempora</span> <span class='ocrx_word' id='word_1_205' title='bbox 810 2303 917 2364; x_wconf 78' lang='lat' dir='ltr'>desint,</span> <span class='ocrx_word' id='word_1_206' title='bbox 1005 2301 1006 2304; x_wconf 70' lang='grc'>’</span> 
     </span>
     <span class='ocr_line' id='line_1_29' title="bbox 163 2375 819 2444; baseline 0.003 -18"><span class='ocrx_word' id='word_1_207' title='bbox 163 2381 169 2394; x_wconf 91' lang='grc'><em>“</em></span> <span class='ocrx_word' id='word_1_208' title='bbox 262 2375 314 2427; x_wconf 81' lang='lat' dir='ltr'>Aut</span> <span class='ocrx_word' id='word_1_209' title='bbox 330 2377 419 2444; x_wconf 84' lang='lat' dir='ltr'>gemini</span> <span class='ocrx_word' id='word_1_210' title='bbox 433 2394 540 2444; x_wconf 83' lang='lat' dir='ltr'>nequeas</span> <span class='ocrx_word' id='word_1_211' title='bbox 556 2377 620 2428; x_wconf 88' lang='lat' dir='ltr'>ferre</span> <span class='ocrx_word' id='word_1_212' title='bbox 638 2377 727 2428; x_wconf 84' lang='lat' dir='ltr'>laboris</span> <span class='ocrx_word' id='word_1_213' title='bbox 746 2393 819 2436; x_wconf 62' lang='lat' dir='ltr'>onus„</span> 
     </span>
     <span class='ocr_line' id='line_1_30' title="bbox 227 2445 848 2517; baseline 0.002 -17"><span class='ocrx_word' id='word_1_214' title='bbox 227 2447 262 2500; x_wconf 75' lang='lat' dir='ltr'>At</span> <span class='ocrx_word' id='word_1_215' title='bbox 280 2463 325 2498; x_wconf 84' lang='lat' dir='ltr'>nos</span> <span class='ocrx_word' id='word_1_216' title='bbox 343 2449 432 2501; x_wconf 79' lang='lat' dir='ltr'>diversi</span> <span class='ocrx_word' id='word_1_217' title='bbox 448 2451 560 2504; x_wconf 79' lang='lat' dir='ltr'>medium&#39;</span> <span class='ocrx_word' id='word_1_218' title='bbox 570 2451 682 2502; x_wconf 65' lang='lat' dir='ltr'>coeamus</span> <span class='ocrx_word' id='word_1_219' title='bbox 700 2451 725 2500; x_wconf 89' lang='lat' dir='ltr'>in</span> <span class='ocrx_word' id='word_1_220' title='bbox 739 2445 848 2517; x_wconf 69' lang='lat' dir='ltr'>‘&#39;aequor,</span> 
     </span>
     <span class='ocr_line' id='line_1_31' title="bbox 265 2517 848 2590; baseline 0.003 -18"><span class='ocrx_word' id='word_1_221' title='bbox 265 2521 395 2590; x_wconf 84' lang='lat' dir='ltr'>Obviaque</span> <span class='ocrx_word' id='word_1_222' title='bbox 409 2523 434 2574; x_wconf 91' lang='lat' dir='ltr'>in</span> <span class='ocrx_word' id='word_1_223' title='bbox 450 2524 545 2574; x_wconf 87' lang='lat' dir='ltr'>summis</span> <span class='ocrx_word' id='word_1_224' title='bbox 562 2523 646 2575; x_wconf 85' lang='lat' dir='ltr'>oscula</span> <span class='ocrx_word' id='word_1_225' title='bbox 662 2517 743 2574; x_wconf 73' lang='lat' dir='ltr'>demur</span> <span class='ocrx_word' id='word_1_226' title='bbox 759 2524 848 2590; x_wconf 82' lang='lat' dir='ltr'>aquis:</span> 
     </span>
     <span class='ocr_line' id='line_1_32' title="bbox 229 2593 950 2663; baseline 0.008 -19"><span class='ocrx_word' id='word_1_227' title='bbox 229 2593 309 2660; x_wconf 78' lang='lat' dir='ltr'>Atque</span> <span class='ocrx_word' id='word_1_228' title='bbox 325 2595 358 2644; x_wconf 87' lang='lat' dir='ltr'>ita</span> <span class='ocrx_word' id='word_1_229' title='bbox 374 2596 473 2663; x_wconf 83' lang='lat' dir='ltr'>quisque</span> <span class='ocrx_word' id='word_1_230' title='bbox 492 2597 544 2649; x_wconf 75' lang='lat' dir='ltr'>siras</span> <span class='ocrx_word' id='word_1_231' title='bbox 560 2597 648 2648; x_wconf 90' lang='lat' dir='ltr'>iterum</span> <span class='ocrx_word' id='word_1_232' title='bbox 664 2597 791 2648; x_wconf 83' lang='lat' dir='ltr'>redeamus</span> <span class='ocrx_word' id='word_1_233' title='bbox 809 2597 841 2646; x_wconf 81' lang='lat' dir='ltr'>ad</span> <span class='ocrx_word' id='word_1_234' title='bbox 856 2597 950 2650; x_wconf 77' lang='lat' dir='ltr'>urbes:</span> 
     </span>
     <span class='ocr_line' id='line_1_33' title="bbox 169 2667 869 2738; baseline 0 -18"><span class='ocrx_word' id='word_1_235' title='bbox 169 2683 221 2738; x_wconf 77' lang='lat'>170</span> <span class='ocrx_word' id='word_1_236' title='bbox 267 2667 403 2738; x_wconf 63' lang='lat' dir='ltr'>Exiguum,</span> <span class='ocrx_word' id='word_1_237' title='bbox 425 2670 467 2719; x_wconf 86' lang='lat' dir='ltr'>sed</span> <span class='ocrx_word' id='word_1_238' title='bbox 481 2670 535 2737; x_wconf 77' lang='lat' dir='ltr'>plus</span> <span class='ocrx_word' id='word_1_239' title='bbox 552 2673 622 2738; x_wconf 72' lang='lat' dir='ltr'>quim</span> <span class='ocrx_word' id='word_1_240' title='bbox 639 2669 792 2729; x_wconf 75' lang='lat' dir='ltr'>nihil,⁴i11ud</span> <span class='ocrx_word' id='word_1_241' title='bbox 811 2669 869 2720; x_wconf 88' lang='lat' dir='ltr'>erit.</span> 
     </span>
     <span class='ocr_line' id='line_1_34' title="bbox 174 2741 945 2810; baseline 0.006 -21"><span class='ocrx_word' id='word_1_242' title='bbox 174 2762 177 2771; x_wconf 65' lang='lat'><strong><em>¹</em></strong></span> <span class='ocrx_word' id='word_1_243' title='bbox 191 2769 195 2776; x_wconf 92' lang='lat'>-</span> <span class='ocrx_word' id='word_1_244' title='bbox 228 2742 279 2796; x_wconf 83' lang='lat' dir='ltr'>Vel</span> <span class='ocrx_word' id='word_1_245' title='bbox 286 2741 370 2806; x_wconf 91' lang='lat' dir='ltr'>&#39;pudor</span> <span class='ocrx_word' id='word_1_246' title='bbox 383 2741 423 2790; x_wconf 87' lang='lat' dir='ltr'>hic</span> <span class='ocrx_word' id='word_1_247' title='bbox 437 2742 546 2801; x_wconf 81' lang='lat' dir='ltr'>utinam,</span> <span class='ocrx_word' id='word_1_248' title='bbox 564 2744 605 2809; x_wconf 87' lang='lat' dir='ltr'>qui</span> <span class='ocrx_word' id='word_1_249' title='bbox 619 2760 664 2794; x_wconf 85' lang='lat' dir='ltr'>nos</span> <span class='ocrx_word' id='word_1_250' title='bbox 682 2741 825 2810; x_wconf 63' lang='lat' dir='ltr'>clum&#39;cogit</span> <span class='ocrx_word' id='word_1_251' title='bbox 840 2760 945 2804; x_wconf 78' lang='lat' dir='ltr'>amore,</span> 
     </span>
     <span class='ocr_line' id='line_1_35' title="bbox 265 2811 835 2867; baseline -0.002 0"><span class='ocrx_word' id='word_1_252' title='bbox 265 2815 315 2867; x_wconf 85' lang='lat' dir='ltr'>Vel</span> <span class='ocrx_word' id='word_1_253' title='bbox 335 2812 431 2864; x_wconf 82' lang='lat' dir='ltr'>timidus</span> <span class='ocrx_word' id='word_1_254' title='bbox 450 2813 519 2865; x_wconf 79' lang='lat' dir='ltr'>famae</span> <span class='ocrx_word' id='word_1_255' title='bbox 539 2816 629 2867; x_wconf 89' lang='lat' dir='ltr'>cedere</span> <span class='ocrx_word' id='word_1_256' title='bbox 646 2817 723 2866; x_wconf 84' lang='lat' dir='ltr'>vellet</span> <span class='ocrx_word' id='word_1_257' title='bbox 744 2811 835 2866; x_wconf 84' lang='lat' dir='ltr'>amor!</span> 
     </span>
     <span class='ocr_line' id='line_1_36' title="bbox 232 2885 1006 2956; baseline 0.003 -16"><span class='ocrx_word' id='word_1_258' title='bbox 232 2885 303 2940; x_wconf 87' lang='lat' dir='ltr'>Nunc</span> <span class='ocrx_word' id='word_1_259' title='bbox 312 2887 372 2937; x_wconf 82' lang='lat' dir='ltr'>male</span> <span class='ocrx_word' id='word_1_260' title='bbox 381 2903 419 2937; x_wconf 82' lang='lat' dir='ltr'>rer</span> <span class='ocrx_word' id='word_1_261' title='bbox 430 2885 517 2954; x_wconf 71' lang='lat' dir='ltr'>jundiae</span> <span class='ocrx_word' id='word_1_262' title='bbox 528 2921 534 2946; x_wconf 93' lang='lat'><strong>‚</strong></span> <span class='ocrx_word' id='word_1_263' title='bbox 545 2889 646 2940; x_wconf 85' lang='lat' dir='ltr'>calor&amp;</span> <span class='ocrx_word' id='word_1_264' title='bbox 656 2889 792 2942; x_wconf 77' lang='lat' dir='ltr'>reverentia</span> <span class='ocrx_word' id='word_1_265' title='bbox 803 2901 947 2956; x_wconf 60' lang='lat' dir='ltr'>,pugnanti</span> <span class='ocrx_word' id='word_1_266' title='bbox 1005 2891 1006 2956; x_wconf 41' lang='grc' dir='ltr'>ζ</span> 
     </span>
    </p>
   </div>
   <div class='ocr_carea' id='block_1_3' title="bbox 266 2957 1006 3170">
    <p class='ocr_par' dir='ltr' id='par_1_3' title="bbox 266 2957 1006 3170">
     <span class='ocr_line' id='line_1_37' title="bbox 266 2957 1006 3036; baseline -0.003 -22"><span class='ocrx_word' id='word_1_267' title='bbox 266 2957 336 3036; x_wconf 72' lang='lat' dir='ltr'>¹Quid</span> <span class='ocrx_word' id='word_1_268' title='bbox 344 2961 427 3030; x_wconf 86' lang='lat' dir='ltr'>sequar</span> <span class='ocrx_word' id='word_1_269' title='bbox 437 2960 463 3015; x_wconf 89' lang='lat' dir='ltr'>iu</span> <span class='ocrx_word' id='word_1_270' title='bbox 473 2960 546 3017; x_wconf 82' lang='lat' dir='ltr'>dubio</span> <span class='ocrx_word' id='word_1_271' title='bbox 557 2961 590 3016; x_wconf 83' lang='lat' dir='ltr'>est</span> <span class='ocrx_word' id='word_1_272' title='bbox 601 2979 608 3018; x_wconf 76' lang='lat' dir='ltr'>c</span> <span class='ocrx_word' id='word_1_273' title='bbox 619 2963 671 3020; x_wconf 78' lang='lat' dir='ltr'>hec</span> <span class='ocrx_word' id='word_1_274' title='bbox 682 2961 755 3017; x_wconf 83' lang='lat' dir='ltr'>decet</span> <span class='ocrx_word' id='word_1_275' title='bbox 765 2994 774 3025; x_wconf 87' lang='lat'>‚</span> <span class='ocrx_word' id='word_1_276' title='bbox 790 2961 834 3014; x_wconf 82' lang='lat' dir='ltr'>ille</span> <span class='ocrx_word' id='word_1_277' title='bbox 843 2960 928 3032; x_wconf 72' lang='lat' dir='ltr'>jurat.</span> <span class='ocrx_word' id='word_1_278' title='bbox 1005 2997 1006 3004; x_wconf 17' lang='grc' dir='ltr'><strong>κ</strong></span> 
     </span>
     <span class='ocr_line' id='line_1_38' title="bbox 1005 3105 1006 3170; baseline 0 0"><span class='ocrx_word' id='word_1_279' title='bbox 1005 3105 1006 3170; x_wconf 66' lang='lat' dir='ltr'>i</span> 
     </span>
    </p>
   </div>
   <div class='ocr_carea' id='block_1_4' title="bbox 0 0 1032 3709">
    <p class='ocr_par' dir='ltr' id='par_1_4' title="bbox 0 0 1032 3709">
     <span class='ocr_line' id='line_1_39' title="bbox 0 0 1032 3709; baseline 0 0"><span class='ocrx_word' id='word_1_280' title='bbox 0 0 1032 3709; x_wconf 95' lang='lat' dir='ltr'> </span> 
     </span>
    </p>
   </div>
  </div>
 </body>
</html>
