2034 3709
155 270 181 368 rj
289 266 733 339 nummio,

156 411 294 471 harumce
330 428 427 467 rerum
453 405 759 489 intelligentissimus,
788 402 938 485 idemque

159 513 406 581 humanissimus,
425 506 467 566 D.
489 506 668 576 Heerkens‚
688 500 902 583 Groninganus
927 544 938 575 ‚
1003 552 1004 585 3

158 610 315 691 descriptas
334 632 370 671 ex
387 607 501 670 ovidio
518 602 654 685 impresso
673 605 722 685 qui
745 597 798 663 fuit
820 601 940 685 Angeli
1003 608 1004 669 l

157 710 323 784 Pontiani,
351 708 563 789 asservaturque
587 706 743 766 Florentiae
766 708 796 763 in
818 704 940 762 biblio·
1003 686 1004 715 ³

159 812 246 872 theca
264 811 401 872 Medicea
414 855 427 881 ,
449 830 520 890 quas
538 810 583 879 uir
598 808 647 867 ille
669 802 940 885 incomparabilis,

161 911 198 970 δι
209 909 376 985 Musarum,
394 910 463 969 dum
473 912 589 969 viveret
598 925 611 983 ,’
622 908 757 967 delicium
771 950 781 980 ‚
796 902 940 984 ejusdem
1003 914 1004 917 ’

160 1012 227 1073 libri
245 1014 303 1071 oris
321 1032 357 1071 ex
375 1008 571 1091 manuscriptis
588 1010 737 1070 codicibus
758 1008 916 1071 alleverat.

158 1201 162 1207 ¹
203 1172 264 1235 Da
280 1163 367 1234 nobis
384 1172 484 1245 verb,
505 1171 538 1231 id
556 1170 650 1232 solum
671 1169 760 1253 quim
779 1169 940 1230 verissime

118 1326 122 1331 .
161 1277 261 1337 dicere
277 1272 447 1357 postumus,
464 1294 519 1333 nos
536 1273 584 1332 hic
604 1292 671 1333 eam
689 1268 848 1331 adhibuiffe
871 1270 945 1329 dili·

162 1376 321 1461 gentiam,
342 1390 374 1432 ut
397 1394 555 1455 numquam
579 1373 706 1436 Ovidius
730 1374 761 1431 in
785 1371 943 1454 publicam

162 1477 261 1537 lucem
274 1475 389 1535 venerit
406 1473 590 1533 emendatior
605 1496 612 1533 :
627 1473 708 1557 quod
726 1471 810 1533 facile
827 1470 945 1553 depre-

161 1565 313 1650 heodem,
327 1578 376 1657 qui
393 1576 468 1633 hanc
481 1574 608 1634 nostram
623 1574 786 1635 editionem
800 1566 853 1635 vel
868 1594 943 1633 cum

164 1676 405 1739 emendatissimis
422 1674 609 1735 contulerint.
632 1674 702 1754 Qua
718 1675 747 1732 in
763 1660 796 1735 re
813 1671 882 1757 quia
905 1675 944 1734 &

163 1778 315 1839 literarum
325 1776 462 1850 laudem,
473 1776 694 1835 &literatorum
709 1774 866 1837 utilitatem
876 1776 945 1857 spe·

159 1868 305 1974 ''biavimus
317 1924 327 1953 ‚
337 1897 445 1958 ⁴curam
461 1874 590 1937 nostram
607 1878 693 1936 nobis
710 1882 809 1959 gratiae
826 1878 944 1961 apponi

161 1983 323 2061 optamus„
341 1980 374 2040 &
392 1978 560 2059 appositum
578 1977 612 2036 iri
629 1976 814 2039 confidimus.

165 2160 168 2167 ·
205 2138 318 2199 ΤοΜο
337 2138 465 2199 secundo
480 2135 545 2218 post
563 2136 819 2217 Metamorphoses
839 2138 946 2220 subie-

161 2242 259 2303 cimus
286 2239 420 2299 indicem
440 2238 725 2319 locupletissimum,
755 2241 947 2319 quo-conti-

167 2356 273 2401 nentur
291 2340 410 2399 nomina
428 2339 546 2419 propria
564 2339 663 2399 omnia
677 2337 861 2414 'Deorumes
872 2340 954 2401 He-

167 2461 252 2501 roum
268 2485 278 2513 ‚
296 2438 461 2509 Virorum,
481 2437 541 2496 &c.
564 2458 688 2518 quorum
711 2442 823 2499 mentio
846 2442 877 2502 in
897 2441 947 2503 his

166 2541 247 2603 libris
273 2537 437 2621 quindecim
463 2540 587 2598 occurrit
608 2582 618 2611 ,
646 2538 725 2599 unde
750 2540 822 2599 locis
853 2540 949 2621 quiem

168 2642 297 2725 plurimis
325 2632 446 2700 accedet
471 2633 542 2696 lucis
573 2629 634 2695 non
664 2635 777 2718 parurn.
805 2634 948 2717 Icone5‚

167 2766 232 2826 quae
257 2739 396 2834 cujusque
416 2738 514 2811 tomi,
534 2754 597 2796 tum
617 2736 771 2811 frontem,
794 2754 859 2797 tum
880 2744 950 2821 pti-

169 2866 248 2906 mam
263 2843 398 2925 paginam
415 2854 578 2912 exornant,
593 2839 623 2898 in
640 2836 698 2898 fine
715 2838 790 2895 tomi
806 2826 947 2919 secundi,

165 2944 246 3006 suam
265 2933 500 3003 declarationem
512 2936 632 2999 habent.
651 2932 730 3001 Vale
750 2938 783 3003 &
800 2938 881 3003 fave.
