2034 3709
131 258 291 325 Lruru
318 254 386 323 Ill.
411 219 612 326 ErrcrA
638 256 686 325 X.
719 259 792 352 189

76 377 134 427 Nec
148 388 229 425 tamen
244 374 295 434 esi,
315 376 422 441 quamvis
436 392 508 443 agros
523 390 587 427 amet
602 379 642 430 illa
658 382 769 440 feraces,

114 448 211 498 Rustica
226 464 235 498 s
250 465 296 497 nec
309 448 408 497 viduum
423 450 506 515 peslus
524 452 611 501 amoris
625 453 708 503 habet.

77 521 168 572 Cretes
185 532 256 571 erunt
273 520 345 571 testes
363 537 370 572 τ
386 537 432 571 nec
447 520 542 590 tingunt
556 526 635 575 omnia
651 526 762 587 Cretes;

116 592 227 654 Cretes,
247 592 340 644 nutrito
355 606 423 644 terra
438 594 539 660 superba
553 596 626 649 Jove.
801 615 836 653 20
910 592 913 598 ¹

75 667 152 726 Illic,
172 667 291 718 sideream
306 668 346 735 qui
360 668 443 718 mundi
458 680 579 735 temperat
594 688 694 734 arcem,

114 740 222 809 Exiguus
238 753 326 791 tenero
340 742 378 792 lae
394 741 455 790 bibit
468 759 513 792 ore
529 760 599 809 puer.

76 812 172 881 Magna
188 812 248 865 fides
265 813 318 864 tesbi
336 814 424 864 :testis
441 815 551 865 laudatur
566 818 673 872 alumno.

116 886 237 937 Fassuram
253 886 371 942 Cererem
387 886 484 938 crimina
499 901 557 939 nota
575 903 646 957 puto.

77 958 186 1013 Viderat
201 960 290 1010 lasium
306 960 401 1011 Cretaei
415 962 479 1012 Diva
497 962 538 1012 sub
555 962 598 1013 ldi
801 978 835 1031 25

115 1033 246 1101 Figentem
259 1032 327 1083 certi
341 1047 410 1102 terga
426 1034 503 1084 serina
519 1052 600 1087 manu.

77 1104 172 1165 Vidit,
187 1106 213 1157 dt
226 1119 254 1156 ut
269 1119 360 1157 tenerae
376 1108 493 1157 flammam
508 1125 610 1175 rapuere
626 1109 758 1164 medulla:

117 1178 183 1228 Hinc
200 1179 298 1244 pudor,
315 1198 346 1229 ex
361 1182 406 1229 alia
423 1194 492 1247 parte
506 1182 618 1231 trahebat
632 1200 709 1233 amor.

77 1251 167 1305 Vislus
181 1269 264 1303 amore
280 1254 379 1319 pudor:
397 1253 476 1303 sulcos
491 1270 561 1305 arere
576 1255 691 1316 videres,

117 1325 150 1375 Et
168 1325 216 1374 sata
235 1343 289 1376 cum
304 1327 400 1376 minima
415 1340 484 1393 parte
497 1328 578 1378 redire
595 1327 637 1378 sui.
803 1342 838 1396 30

37 1417 42 1423 ·
79 1396 146 1448 Crim
160 1399 224 1448 bene
240 1398 320 1465 jasleti
336 1398 456 1465 pulsarant
468 1417 526 1451 arva
540 1402 653 1469 ligones,

97 1532 102 1535 Ι
116 1471 227 1538 Ruperat
243 1473 269 1522 dt
287 1472 369 1521 duram
385 1490 470 1523 vomer
484 1473 590 1524 aduncus
605 1476 721 1535 humum,

80 1546 225 1610 Seminaque
240 1546 265 1597 in
279 1547 342 1596 latos
358 1546 435 1595 istaut
451 1548 576 1613 equaliter
590 1564 682 1617 agros,

117 1618 190 1669 lrrita
204 1619 303 1685 decepti
318 1631 377 1668 vota
393 1620 496 1670 colentis
513 1633 591 1669 erant.

76 1692 169 1749 Diva,
186 1703 273 1757 potens
288 1692 401 1759 frugum,
419 1693 484 1742 silvis
503 1692 606 1744 cessabat
621 1692 646 1743 in
662 1693 736 1747 altis:
801 1706 815 1760 3
821 1710 834 1759 5

117 1764 270 1815 Deciderant
283 1766 362 1832 longae
378 1765 457 1831 spicea
472 1765 534 1817 serta
551 1783 637 1817 comae.

79 1837 141 1888 Sola
157 1838 204 1887 suit
220 1837 294 1889 Crete
310 1838 415 1888 secundo
431 1838 517 1891 fertilis
531 1856 604 1889 anno.

118 1910 229 1969 Omnia,
247 1913 293 1979 qud
310 1911 399 1962 tulerat
414 1911 437 1961 se
454 1912 529 1971 Dea,
548 1911 632 1963 messis
648 1925 727 1963 etant.

79 1983 136 2050 lpse
151 1984 221 2033 locus
237 2000 380 2043 nemorum,
398 1985 500 2035 canebat
515 1986 643 2053 frugibus,
658 1986 720 2047 lde,

118 2056 152 2105 Et
166 2056 232 2107 serus
246 2058 271 2107 in
287 2058 346 2107 silva
361 2057 423 2108 sarra
438 2059 546 2110 metebat
562 2074 631 2124 aper.
802 2072 838 2122 4ο

79 2129 190 2197 Optavit
204 2130 288 2180 Minos
305 2130 394 2180 similes
411 2129 456 2179 sibi
472 2132 559 2198 legifer
576 2145 673 2183 annos:

119 2202 225 2268 Optavit
241 2202 338 2253 Cereris
353 2204 439 2269 longus
454 2216 482 2253 ut
498 2203 557 2254 esset
572 2220 648 2254 amor.

79 2274 161 2341 Quod
175 2276 219 2325 tibi
235 2276 355 2325 secubitus
370 2274 447 2325 tristes
457 2280 474 2336 ,‘
484 2278 541 2327 Dea
557 2276 636 2335 flava,
654 2273 770 2335 suillum

119 2348 178 2398 Hoc
195 2365 272 2417 cogor
287 2348 359 2399 sacris
375 2366 439 2399 nunc
455 2367 502 2417 ego
520 2350 584 2400 serre
599 2350 657 2399 tuis.

79 2422 135 2472 Cur
151 2438 199 2489 ego
213 2421 262 2471 sum
276 2421 365 2480 trislis,
382 2420 436 2471 crim
450 2424 481 2473 sit
496 2423 540 2473 ribi
556 2435 611 2471 nata
626 2420 747 2489 reperta?
803 2436 836 2486 45

118 2494 276 2561 Regnaque,
293 2498 362 2561 quim
378 2494 461 2555 Juno,
480 2496 544 2546 sorte
559 2496 652 2546 minora
666 2492 757 2563 regat?

79 2567 150 2621 fena
162 2568 214 2617 dies
225 2570 397 2635 Veneremque
408 2582 496 2627 vocat,
508 2580 642 2635 cantusque
653 2584 791 2636 merumque
803 2584 811 2621 ε

119 2640 184 2695 flac
202 2641 274 2694 decet
287 2642 318 2693 ad
332 2642 442 2693 dominos
458 2658 557 2693 munera
572 2642 636 2695 ferre
652 2642 734 2696 Deos·

396 2785 555 2901 ‘Qss
