2034 3709
240 259 292 334 70
340 239 382 308 P.
409 239 597 310 Ouinia
622 239 845 310 Nasonis

238 360 309 412 Hanc
323 362 404 427 legent
412 362 482 412 lotus
494 361 536 412 ille
545 371 615 410 tenet
625 375 631 410 t
642 370 700 425 pete
708 359 819 426 protinus
825 360 902 410 altana

274 433 387 484 Leucada
397 450 405 486 a
416 450 462 484 nec
472 433 528 484 saxo
535 431 651 484 desiluisse
660 433 728 482 uiue.

238 507 276 558 Ut
285 508 378 556 monuit
387 538 396 566 ,
406 523 461 558 cuni
468 523 532 558 voce
541 506 598 556 abiit
608 521 672 573 :ego
682 505 767 573 frigida
777 504 847 572 surgo
856 522 867 565 3

275 580 330 630 Nec
342 580 447 648 gravidae
458 581 576 648 lacrymas
587 581 730 630 continuere
741 592 820 646 genre.

180 668 230 718 175
243 653 353 713 ibimus,
363 652 380 703 ὃ
389 653 524 721 Nymphae,
535 652 710 719 monstrataque
719 652 773 701 saxa
787 663 913 718 petemus.

274 726 311 777 Sit
319 728 405 791 procul
415 725 496 776 insano
504 726 581 778 vitius
590 742 671 778 atnore
680 726 762 776 timor.

238 798 365 866 Quicquid
375 800 437 858 erit,
447 799 532 850 meiius
544 803 613 867 quim
624 815 687 851 nunc
699 799 762 850 erit:
773 815 830 848 aura
840 798 934 850 subito.

275 872 307 923 Et
320 889 551 942 meanonntagnum
561 889 664 939 corpora
673 872 768 939 pondus
785 873 886 921 habent.

237 945 277 996 Tu
286 963 399 1012 quoque,
409 947 489 998 mollis
500 945 592 1004 Amor,
602 961 693 1012 pennas
703 945 812 1011 suppone
820 942 916 996 cadenti
925 959 938 1002 3

177 1019 228 1071 180
273 1019 313 1068 Ne
324 1019 369 1069 sim
376 1019 504 1071 Leucadia
514 1031 609 1070 mortua
623 1019 713 1068 crimen
723 1035 802 1084 aquae.

237 1093 297 1142 lnde
307 1093 395 1161 chelyn
403 1091 512 1152 Phoebo,
524 1091 657 1144 communia
669 1108 785 1150 munera,
799 1107 890 1159 ponam
900 1105 909 1143 t

273 1165 305 1216 Et
315 1166 356 1216 suh
367 1184 397 1216 ea
405 1167 489 1218 versus
497 1183 558 1218 unus
569 1165 595 1216 δι
605 1167 667 1216 alter
677 1177 757 1214 erunt.

238 1235 316 1290 Grata
324 1241 400 1306 lyram
410 1239 479 1306 posui
487 1239 531 1290 tibi
540 1273 548 1298 ,
558 1237 649 1290 Phoebe
657 1270 665 1295 ,
674 1239 768 1302 poduia
777 1237 878 1304 Sappho
892 1253 902 1289 a
944 1235 948 1244 ’

274 1311 397 1363 Convenit
410 1314 452 1362 illa
462 1312 521 1362 mihi
532 1345 539 1370 ,
554 1311 669 1362 convenit
679 1312 718 1360 illa
727 1311 780 1360 tibi.

178 1384 208 1436 18
213 1400 226 1448 5
239 1383 289 1434 Cur
299 1397 380 1434 tamen
388 1385 498 1436 Asliac'as
508 1385 615 1436 miseram
625 1402 664 1436 nie
674 1384 746 1435 mittis
758 1383 789 1432 ad
801 1400 874 1444 oras,

273 1455 334 1507 Ciun
343 1459 471 1526 profugum
479 1459 557 1525 possis
566 1457 615 1524 ipse
625 1459 716 1508 referre
727 1456 838 1523 pedem?

234 1529 275 1579 Tu
288 1531 347 1580 mihi
358 1531 477 1582 Leucadii
484 1543 556 1597 potes
568 1530 614 1581 esse
625 1529 741 1580 salubrior
751 1530 816 1580 undd
827 1546 838 1589 3

272 1603 305 1654 Et
313 1604 390 1654 sonui
401 1605 427 1656 δι
438 1604 530 1654 meritis
540 1616 568 1654 tu
577 1604 634 1653 rnihi
643 1603 748 1654 Phoebus
759 1604 819 1652 eris.

236 1676 275 1726 An
284 1690 373 1743 potes,
385 1675 402 1728 ὃ
413 1677 515 1742 scopulis
530 1676 640 1744 undique
653 1676 760 1726 ferocior
770 1676 810 1725 itta
822 1708 831 1735 ,

176 1764 225 1816 ¹9⁰
273 1752 299 1800 Si
311 1751 415 1808 moriar,
429 1752 525 1802 titulum
534 1750 617 1800 mortis
628 1751 717 1800 habere
726 1749 811 1799 rneae?

235 1823 270 1874 At
280 1837 370 1889 quanto
383 1824 467 1874 melius
475 1823 543 1892 jungi
553 1840 606 1872 mea
619 1823 716 1889 peslora
725 1835 807 1872 tecum
818 1855 826 1880 ,

271 1896 351 1961 Quint
360 1910 472 1963 poterant
479 1898 538 1948 saxis
548 1896 717 1964 precipitanda
726 1895 778 1946 dari
789 1897 796 1945 l

234 1970 296 2020 Haec
306 1971 360 2022 sunt
369 1973 425 2029 illa,
438 1969 520 2020 Phaon
530 2003 538 2029 ,
548 1988 601 2036 quae
609 1983 636 2020 tu
648 1970 744 2020 laudare
752 1969 851 2020 solebas
863 2000 873 2028 ,

271 2045 380 2111 Visaque
394 2045 447 2094 sunt
457 2044 531 2095 toties
540 2043 662 2110 ingeniosa
670 2043 722 2092 tibi.

175 2134 223 2186 195
234 2119 307 2168 Nunc
317 2119 405 2167 vellent
415 2117 518 2168 lactanda
529 2117 609 2168 forent
621 2133 628 2166 r
642 2117 712 2165 dolor
722 2116 813 2166 artibus
827 2114 908 2166 obstat
918 2131 931 2174 3

270 2191 444 2257 ingeniumque
452 2191 512 2240 meis
523 2189 621 2240 substitit
631 2205 702 2240 omne
711 2189 789 2240 malis.

233 2263 291 2312 Non
300 2263 357 2312 mihi
364 2263 512 2328 respondent
520 2275 618 2314 veteres
627 2264 652 2312 in
662 2262 764 2312 carmina
773 2261 840 2312 vires
850 2277 859 2312 t
913 2263 916 2268 '

270 2334 362 2385 Plesira
374 2336 461 2388 dolore
467 2347 567 2386 tacent:
578 2347 644 2386 muta
656 2336 742 2386 dolore
752 2337 806 2403 lyra
816 2333 863 2384 esl.

232 2408 350 2470 Lesbides
364 2414 502 2476 equora,
520 2421 671 2475 nupturaque
683 2421 803 2475 nuptaque
814 2409 901 2475 proles
908 2422 921 2468 3

171 2499 224 2537 200
271 2481 388 2532 Lesbides
398 2517 406 2542 ‚
417 2480 498 2535 AEoliai
508 2483 605 2534 nomina
615 2482 676 2532 uitta
685 2481 739 2550 lyris
749 2499 758 2538 3

232 2555 365 2614 Lesbides,
376 2556 488 2606 infamem
497 2573 551 2621 quae
560 2573 598 2606 me
612 2555 698 2606 fecistis
712 2566 794 2604 amate
802 2570 813 2613 3

269 2625 385 2677 Desinite
392 2629 423 2678 ad
436 2629 539 2678 citharas
548 2629 618 2680 turba
628 2629 711 2678 venire
720 2644 794 2678 meas.

231 2700 336 2750 Abstulit
345 2717 416 2750 omne
428 2700 511 2750 Phaon
521 2735 528 2758 ‚
540 2702 606 2768 quod
615 2702 686 2752 vobis
697 2714 752 2750 ante
763 2700 901 2766 placebat:

269 2775 314 2824 Me
325 2773 431 2834 miserant
442 2773 448 2822 !
461 2773 509 2824 dixi
518 2778 587 2841 quim
595 2771 668 2824 modi>
677 2790 758 2839 paene,
771 2773 856 2822 meus!

170 2861 222 2913 205
236 2840 332 2898 Efficite
341 2859 369 2896 ut
376 2847 474 2903 redeat,
483 2860 553 2898 vates
565 2864 660 2914 quoque
668 2847 746 2898 vestra
753 2846 844 2896 redibit
857 2861 870 2902 ε

270 2920 370 2987 ingenio
383 2920 447 2977 vires
456 2920 498 2972 ille
510 2921 568 2980 dat,
582 2921 622 2972 ille
632 2920 704 2988 rapit.
