2034 3709
510 820 1060 911 ‘OVIDII
1146 808 1778 911 NASONIS

707 1001 1649 1095 REMEDIORUM

536 1178 1810 1305 AMORIS

671 1390 1165 1460 LIBER
1264 1392 1694 1460 UNUS.

405 1567 412 1577 '
462 1496 825 1613 LEGERAT
844 1560 989 1628 hujus
1012 1561 1377 1614 Amorffitulum
1396 1579 1676 1631 nomenque
1700 1565 1854 1617 libelli
1875 1581 1901 1618 ε,

532 1634 666 1684 Bella
698 1636 849 1694 mihi,
883 1636 1066 1694 video,
1104 1637 1229 1685 bella
1261 1649 1523 1702 parantur,
1560 1650 1649 1688 att.

459 1707 611 1760 Parce
642 1720 777 1758 tuum
808 1721 969 1759 vatem
1006 1708 1199 1759 sceleris
1233 1710 1494 1768 damnare,
1530 1708 1780 1777 Cupid03

530 1782 729 1832 Tradita
764 1782 843 1848 qui
874 1784 1064 1841 toties,
1101 1796 1152 1833 te
1188 1783 1351 1841 duce,
1387 1783 1523 1850 signa
1551 1785 1664 1834 tuli.

409 1874 435 1923 ς
458 1856 573 1906 Non
606 1871 701 1922 ego
731 1855 991 1924 Tydides,
1025 1874 1051 1904 a
1082 1873 1178 1921 quo
1213 1869 1296 1906 tua
1328 1856 1480 1907 saucia
1510 1868 1665 1907 mater

531 1930 587 1978 In
615 1927 843 1995 liquidum
875 1927 1019 1979 rediit
1048 1931 1226 1979 aethera
1260 1929 1436 1979 Martis
1466 1928 1626 1995 equis.

454 2002 598 2067 Saepe
625 2014 795 2069 tepent
823 2003 901 2052 alii
934 2001 1184 2067 juvenes:
1219 2020 1313 2070 ego
1347 2001 1531 2068 semper
1564 2002 1748 2053 amavi.

532 2076 595 2125 Et
623 2075 701 2134 si,
739 2076 850 2142 quid
879 2074 1049 2125 faciam
1078 2093 1205 2125 nunc
1237 2092 1466 2143 quoque,
1498 2076 1718 2142 quaeri53
1756 2092 1900 2127 amo.

456 2147 591 2212 Quin
621 2149 763 2198 etiam
797 2149 979 2206 docui,
1021 2167 1112 2216 qua
1144 2150 1299 2214 possis
1329 2162 1431 2200 arte
1460 2149 1660 2215 parari3

371 2237 436 2275 ιο
492 2262 498 2267 .
529 2222 590 2272 Et
624 2222 751 2289 quod
782 2240 908 2272 nunc
939 2222 1064 2272 tatio
1094 2220 1161 2272 est
1185 2255 1199 2280 ,
1237 2223 1446 2289 impetus
1476 2234 1587 2271 ante
1619 2222 1735 2273 fuit.

453 2296 561 2346 Nec
594 2299 644 2345 fe
670 2330 684 2354 ,
714 2296 888 2345 blande
919 2313 1040 2361 puer
1061 2330 1077 2352 ,
1110 2313 1202 2345 nec
1225 2295 1404 2345 nostras
1426 2294 1671 2361 prodimus
1705 2308 1843 2346 artes
1871 2312 1891 2352 3

527 2370 635 2417 Nec
669 2386 792 2419 nova
827 2370 1123 2436 praeteritum
1155 2369 1294 2418 Musa
1321 2368 1500 2419 retexit
1532 2384 1689 2434 opus..

452 2442 506 2491 Si
534 2442 636 2506 quis
667 2454 791 2493 amat
814 2476 828 2501 ,
865 2443 996 2509 quod
1030 2460 1188 2492 amate
1220 2441 1357 2507 juvat
1379 2476 1394 2501 ,
1428 2441 1639 2491 feliciter
1667 2440 1849 2491 ardens

529 2514 754 2565 Gaudeat
776 2548 791 2574 ‚
833 2516 882 2566 &
914 2530 1066 2565 vento
1098 2515 1293 2583 naviget
1326 2516 1406 2564 ille
1438 2514 1543 2565 suo.

370 2603 432 2656 15
452 2586 556 2645 At,
592 2588 631 2636 si
660 2589 765 2652 quis
796 2590 916 2637 male
945 2590 1043 2638 fert
1078 2589 1282 2656 indignae
1310 2605 1458 2656 tegna
1491 2588 1671 2653 puellae
1693 2619 1711 2647 ,

524 2662 601 2710 Ne
633 2664 839 2725 pereat,
879 2662 1050 2711 nostrae
1081 2662 1252 2712 sentiat
1281 2662 1394 2711 artis
1427 2678 1589 2727 opem.

454 2734 556 2784 Cur
585 2734 787 2800 aliquis,
828 2735 1008 2783 collum
1038 2736 1212 2801 laqueo
1242 2735 1448 2785 nodatus
1479 2736 1537 2783 ab
1571 2732 1706 2784 arcto
1729 2765 1750 2793 ‚

524 2808 565 2857 E
596 2809 732 2857 trabe
762 2807 942 2856 sublimi
968 2807 1101 2858 triste
1126 2808 1360 2874 pependit
1393 2825 1513 2857 onus
1538 2804 1562 2856 ἒ

454 2881 554 2930 Cur
586 2881 755 2946 aliquis
787 2880 945 2947 rigido
974 2881 1101 2930 fodit
1136 2881 1213 2931 sua
1241 2882 1425 2932 viscera
1454 2877 1634 2930 fetro?
1679 2937 1687 2946 ·

360 2947 432 3005 ἑο
520 2954 752 3004 Invidiam
786 2954 931 3005 caedis
952 2988 972 3012 ,
1004 2955 1137 3022 pacis
1166 2968 1351 3007 amator
1372 2988 1389 3015 ,
1424 2956 1593 3007 habes.

1729 3025 1877 3093 φὴ
