<?xml version="1.0" encoding="UTF-8"?>
<!DOCTYPE html PUBLIC "-//W3C//DTD XHTML 1.0 Transitional//EN"
    "http://www.w3.org/TR/xhtml1/DTD/xhtml1-transitional.dtd">
<html xmlns="http://www.w3.org/1999/xhtml" xml:lang="en" lang="en">
 <head>
  <title>
</title>
<meta http-equiv="Content-Type" content="text/html;charset=utf-8" />
  <meta name='ocr-system' content='tesseract 3.04.00' />
  <meta name='ocr-capabilities' content='ocr_page ocr_carea ocr_par ocr_line ocrx_word'/>
</head>
<body>
  <div class='ocr_page' id='page_1' title='image "./povidiinasoniso07ovidgoog_0068.png"; bbox 0 0 2034 3709; ppageno 0'>
   <div class='ocr_carea' id='block_1_1' title="bbox 189 260 803 353">
    <p class='ocr_par' dir='ltr' id='par_1_1' title="bbox 189 260 803 353">
     <span class='ocr_line' id='line_1_1' title="bbox 189 260 803 353; baseline 0.003 -26"><span class='ocrx_word' id='word_1_1' title='bbox 189 263 243 353; x_wconf 78' lang='lat'>44</span> <span class='ocrx_word' id='word_1_2' title='bbox 291 262 330 328; x_wconf 82' lang='grc' dir='ltr'>Ρ.</span> <span class='ocrx_word' id='word_1_3' title='bbox 358 260 546 330; x_wconf 75' lang='lat' dir='ltr'>orrnrr</span> <span class='ocrx_word' id='word_1_4' title='bbox 572 260 803 331; x_wconf 73' lang='lat' dir='ltr'>NArorrre</span> 
     </span>
    </p>
   </div>
   <div class='ocr_carea' id='block_1_2' title="bbox 61 378 1006 2925">
    <p class='ocr_par' dir='ltr' id='par_1_2' title="bbox 61 378 1006 2925">
     <span class='ocr_line' id='line_1_2' title="bbox 190 378 791 447; baseline 0 -18"><span class='ocrx_word' id='word_1_5' title='bbox 190 378 222 429; x_wconf 83' lang='lat' dir='ltr'>Et</span> <span class='ocrx_word' id='word_1_6' title='bbox 231 390 291 437; x_wconf 77' lang='lat' dir='ltr'>tua,</span> <span class='ocrx_word' id='word_1_7' title='bbox 305 380 352 445; x_wconf 73' lang='lat' dir='ltr'>qui</span> <span class='ocrx_word' id='word_1_8' title='bbox 361 378 470 445; x_wconf 83' lang='lat' dir='ltr'>poffum,</span> <span class='ocrx_word' id='word_1_9' title='bbox 482 396 528 445; x_wconf 89' lang='lat' dir='ltr'>pro</span> <span class='ocrx_word' id='word_1_10' title='bbox 539 392 580 437; x_wconf 90' lang='lat' dir='ltr'>te,</span> <span class='ocrx_word' id='word_1_11' title='bbox 590 378 689 447; x_wconf 78' lang='lat' dir='ltr'>vestigia</span> <span class='ocrx_word' id='word_1_12' title='bbox 698 390 791 447; x_wconf 76' lang='lat' dir='ltr'>tang03</span> 
     </span>
     <span class='ocr_line' id='line_1_3' title="bbox 227 451 774 519; baseline -0.002 -17"><span class='ocrx_word' id='word_1_13' title='bbox 227 451 355 518; x_wconf 81' lang='lat' dir='ltr'>Strataque</span> <span class='ocrx_word' id='word_1_14' title='bbox 367 485 375 511; x_wconf 87' lang='lat'>,</span> <span class='ocrx_word' id='word_1_15' title='bbox 392 469 446 517; x_wconf 81' lang='lat' dir='ltr'>quae</span> <span class='ocrx_word' id='word_1_16' title='bbox 458 453 570 504; x_wconf 84' lang='lat' dir='ltr'>membris</span> <span class='ocrx_word' id='word_1_17' title='bbox 581 452 709 519; x_wconf 87' lang='lat' dir='ltr'>intepuere</span> <span class='ocrx_word' id='word_1_18' title='bbox 716 454 774 503; x_wconf 77' lang='lat' dir='ltr'>tuis.</span> 
     </span>
     <span class='ocr_line' id='line_1_4' title="bbox 145 522 865 591; baseline -0.001 -16"><span class='ocrx_word' id='word_1_19' title='bbox 145 539 159 589; x_wconf 85' lang='lat'><em>5</em></span> <span class='ocrx_word' id='word_1_20' title='bbox 164 540 177 589; x_wconf 88' lang='lat'>5</span> <span class='ocrx_word' id='word_1_21' title='bbox 190 525 307 575; x_wconf 82' lang='lat' dir='ltr'>incumbo</span> <span class='ocrx_word' id='word_1_22' title='bbox 318 557 326 583; x_wconf 86' lang='lat'>,</span> <span class='ocrx_word' id='word_1_23' title='bbox 337 522 497 591; x_wconf 84' lang='lat' dir='ltr'>lacrymisque</span> <span class='ocrx_word' id='word_1_24' title='bbox 507 539 564 576; x_wconf 88' lang='lat' dir='ltr'>toro</span> <span class='ocrx_word' id='word_1_25' title='bbox 575 538 688 575; x_wconf 82' lang='lat' dir='ltr'>manante</span> <span class='ocrx_word' id='word_1_26' title='bbox 699 524 822 591; x_wconf 80' lang='lat' dir='ltr'>profusis,</span> <span class='ocrx_word' id='word_1_27' title='bbox 862 546 865 550; x_wconf 55' lang='lat'><strong><em>¹</em></strong></span> 
     </span>
     <span class='ocr_line' id='line_1_5' title="bbox 133 596 805 657; baseline 0 -11"><span class='ocrx_word' id='word_1_28' title='bbox 133 609 137 625; x_wconf 81' lang='lat'><strong>¹</strong></span> <span class='ocrx_word' id='word_1_29' title='bbox 227 596 359 647; x_wconf 82' lang='lat' dir='ltr'>Pressimus</span> <span class='ocrx_word' id='word_1_30' title='bbox 369 630 377 656; x_wconf 90' lang='lat'>,</span> <span class='ocrx_word' id='word_1_31' title='bbox 387 600 515 657; x_wconf 81' lang='lat' dir='ltr'>exclamo,</span> <span class='ocrx_word' id='word_1_32' title='bbox 528 611 554 649; x_wconf 86' lang='lat' dir='ltr'>te</span> <span class='ocrx_word' id='word_1_33' title='bbox 571 599 619 648; x_wconf 89' lang='lat' dir='ltr'>duo</span> <span class='ocrx_word' id='word_1_34' title='bbox 630 614 637 649; x_wconf 69' lang='grc' dir='ltr'>ι</span> <span class='ocrx_word' id='word_1_35' title='bbox 649 598 725 649; x_wconf 84' lang='lat' dir='ltr'>redde</span> <span class='ocrx_word' id='word_1_36' title='bbox 735 600 805 648; x_wconf 87' lang='lat' dir='ltr'>duos.</span> 
     </span>
     <span class='ocr_line' id='line_1_6' title="bbox 190 668 825 729; baseline -0.002 -9"><span class='ocrx_word' id='word_1_37' title='bbox 190 671 309 725; x_wconf 85' lang='lat' dir='ltr'>Venimus</span> <span class='ocrx_word' id='word_1_38' title='bbox 317 671 365 721; x_wconf 87' lang='lat' dir='ltr'>huc</span> <span class='ocrx_word' id='word_1_39' title='bbox 373 672 444 721; x_wconf 84' lang='lat' dir='ltr'>ambo</span> <span class='ocrx_word' id='word_1_40' title='bbox 450 704 459 729; x_wconf 90' lang='lat'>,</span> <span class='ocrx_word' id='word_1_41' title='bbox 469 688 513 721; x_wconf 88' lang='lat' dir='ltr'>cur</span> <span class='ocrx_word' id='word_1_42' title='bbox 522 688 572 721; x_wconf 87' lang='lat' dir='ltr'>non</span> <span class='ocrx_word' id='word_1_43' title='bbox 581 672 721 721; x_wconf 80' lang='lat' dir='ltr'>discedimus</span> <span class='ocrx_word' id='word_1_44' title='bbox 731 674 803 721; x_wconf 81' lang='lat' dir='ltr'>ambo</span> <span class='ocrx_word' id='word_1_45' title='bbox 814 668 825 719; x_wconf 72' lang='grc' dir='ltr'><strong><em>ἓ</em></strong></span> 
     </span>
     <span class='ocr_line' id='line_1_7' title="bbox 228 742 825 809; baseline 0 -16"><span class='ocrx_word' id='word_1_46' title='bbox 228 742 323 793; x_wconf 87' lang='lat' dir='ltr'>Perfide</span> <span class='ocrx_word' id='word_1_47' title='bbox 332 778 341 803; x_wconf 93' lang='lat'>,</span> <span class='ocrx_word' id='word_1_48' title='bbox 350 760 406 809; x_wconf 78' lang='lat' dir='ltr'>pars</span> <span class='ocrx_word' id='word_1_49' title='bbox 416 744 502 803; x_wconf 81' lang='lat' dir='ltr'>nostri,</span> <span class='ocrx_word' id='word_1_50' title='bbox 516 744 603 795; x_wconf 71' lang='lat' dir='ltr'>leuule</span> <span class='ocrx_word' id='word_1_51' title='bbox 613 778 620 803; x_wconf 94' lang='lat'>,</span> <span class='ocrx_word' id='word_1_52' title='bbox 633 742 710 809; x_wconf 84' lang='lat' dir='ltr'>major</span> <span class='ocrx_word' id='word_1_53' title='bbox 719 745 759 794; x_wconf 85' lang='lat' dir='ltr'>ubi</span> <span class='ocrx_word' id='word_1_54' title='bbox 769 744 802 794; x_wconf 87' lang='lat' dir='ltr'>est</span> <span class='ocrx_word' id='word_1_55' title='bbox 814 742 825 792; x_wconf 71' lang='lat' dir='ltr'>i</span> 
     </span>
     <span class='ocr_line' id='line_1_8' title="bbox 193 815 839 883; baseline 0.003 -18"><span class='ocrx_word' id='word_1_56' title='bbox 193 816 259 882; x_wconf 87' lang='lat' dir='ltr'>Quid</span> <span class='ocrx_word' id='word_1_57' title='bbox 270 815 376 867; x_wconf 68' lang='lat' dir='ltr'>faciam?</span> <span class='ocrx_word' id='word_1_58' title='bbox 388 816 436 883; x_wconf 74' lang='lat' dir='ltr'>quo</span> <span class='ocrx_word' id='word_1_59' title='bbox 447 817 497 867; x_wconf 78' lang='lat' dir='ltr'>sota</span> <span class='ocrx_word' id='word_1_60' title='bbox 505 818 588 869; x_wconf 80' lang='lat' dir='ltr'>ferar?</span> <span class='ocrx_word' id='word_1_61' title='bbox 599 830 670 867; x_wconf 82' lang='lat' dir='ltr'>vacat</span> <span class='ocrx_word' id='word_1_62' title='bbox 681 818 754 867; x_wconf 78' lang='lat' dir='ltr'>insula</span> <span class='ocrx_word' id='word_1_63' title='bbox 762 819 839 867; x_wconf 77' lang='lat' dir='ltr'>cultu.</span> 
     </span>
     <span class='ocr_line' id='line_1_9' title="bbox 147 890 804 957; baseline 0 -19"><span class='ocrx_word' id='word_1_64' title='bbox 147 897 183 949; x_wconf 84' lang='lat'>60</span> <span class='ocrx_word' id='word_1_65' title='bbox 229 890 287 939; x_wconf 88' lang='lat' dir='ltr'>Non</span> <span class='ocrx_word' id='word_1_66' title='bbox 297 890 419 939; x_wconf 85' lang='lat' dir='ltr'>hominurn</span> <span class='ocrx_word' id='word_1_67' title='bbox 427 890 501 941; x_wconf 89' lang='lat' dir='ltr'>video</span> <span class='ocrx_word' id='word_1_68' title='bbox 512 926 520 951; x_wconf 93' lang='lat'>,</span> <span class='ocrx_word' id='word_1_69' title='bbox 532 908 583 941; x_wconf 84' lang='lat' dir='ltr'>non</span> <span class='ocrx_word' id='word_1_70' title='bbox 593 908 640 957; x_wconf 82' lang='lat' dir='ltr'>ego</span> <span class='ocrx_word' id='word_1_71' title='bbox 650 890 710 939; x_wconf 71' lang='lat' dir='ltr'>facta</span> <span class='ocrx_word' id='word_1_72' title='bbox 721 891 804 940; x_wconf 88' lang='lat' dir='ltr'>boum.</span> 
     </span>
     <span class='ocr_line' id='line_1_10' title="bbox 194 962 912 1031; baseline 0 -18"><span class='ocrx_word' id='word_1_73' title='bbox 194 962 275 1013; x_wconf 86' lang='lat' dir='ltr'><strong>Omne</strong></span> <span class='ocrx_word' id='word_1_74' title='bbox 284 964 348 1012; x_wconf 80' lang='lat' dir='ltr'>latur</span> <span class='ocrx_word' id='word_1_75' title='bbox 356 975 429 1013; x_wconf 78' lang='lat' dir='ltr'>terrae</span> <span class='ocrx_word' id='word_1_76' title='bbox 440 965 514 1031; x_wconf 84' lang='lat' dir='ltr'>cingit</span> <span class='ocrx_word' id='word_1_77' title='bbox 525 974 589 1015; x_wconf 85' lang='lat' dir='ltr'>mar&#39;e</span> <span class='ocrx_word' id='word_1_78' title='bbox 600 981 609 1021; x_wconf 81' lang='lat'>3</span> <span class='ocrx_word' id='word_1_79' title='bbox 625 963 705 1013; x_wconf 79' lang='lat' dir='ltr'>navita</span> <span class='ocrx_word' id='word_1_80' title='bbox 717 964 849 1030; x_wconf 74' lang='lat' dir='ltr'>nusquam:</span> <span class='ocrx_word' id='word_1_81' title='bbox 908 986 912 997; x_wconf 75' lang='lat'><strong><em>¹</em></strong></span> 
     </span>
     <span class='ocr_line' id='line_1_11' title="bbox 229 1036 722 1103; baseline 0.002 -17"><span class='ocrx_word' id='word_1_82' title='bbox 229 1036 302 1086; x_wconf 81' lang='lat' dir='ltr'>Nulla</span> <span class='ocrx_word' id='word_1_83' title='bbox 310 1052 355 1102; x_wconf 87' lang='lat' dir='ltr'>per</span> <span class='ocrx_word' id='word_1_84' title='bbox 363 1037 485 1103; x_wconf 79' lang='lat' dir='ltr'>ambiguas</span> <span class='ocrx_word' id='word_1_85' title='bbox 493 1037 579 1103; x_wconf 87' lang='lat' dir='ltr'>puppis</span> <span class='ocrx_word' id='word_1_86' title='bbox 589 1037 652 1087; x_wconf 79' lang='lat' dir='ltr'>itura</span> <span class='ocrx_word' id='word_1_87' title='bbox 660 1036 722 1087; x_wconf 78' lang='lat' dir='ltr'>vias.</span> 
     </span>
     <span class='ocr_line' id='line_1_12' title="bbox 192 1108 902 1176; baseline -0.003 -16"><span class='ocrx_word' id='word_1_88' title='bbox 192 1108 268 1176; x_wconf 77' lang='lat' dir='ltr'>finge</span> <span class='ocrx_word' id='word_1_89' title='bbox 278 1109 330 1159; x_wconf 84' lang='lat' dir='ltr'>dari</span> <span class='ocrx_word' id='word_1_90' title='bbox 340 1110 488 1175; x_wconf 82' lang='lat' dir='ltr'>comitesque</span> <span class='ocrx_word' id='word_1_91' title='bbox 498 1110 572 1167; x_wconf 87' lang='lat' dir='ltr'>mihi,</span> <span class='ocrx_word' id='word_1_92' title='bbox 583 1122 736 1175; x_wconf 86' lang='lat' dir='ltr'>ventosque,</span> <span class='ocrx_word' id='word_1_93' title='bbox 748 1121 878 1176; x_wconf 75' lang='lat' dir='ltr'>ratemque</span> <span class='ocrx_word' id='word_1_94' title='bbox 888 1122 902 1168; x_wconf 71' lang='lat'>3</span> 
     </span>
     <span class='ocr_line' id='line_1_13' title="bbox 231 1180 1006 1250; baseline 0.004 -19"><span class='ocrx_word' id='word_1_95' title='bbox 231 1181 297 1246; x_wconf 87' lang='lat' dir='ltr'>Quid</span> <span class='ocrx_word' id='word_1_96' title='bbox 308 1180 411 1249; x_wconf 81' lang='lat' dir='ltr'>sequar?</span> <span class='ocrx_word' id='word_1_97' title='bbox 423 1182 530 1233; x_wconf 76' lang='lat' dir='ltr'>accessus</span> <span class='ocrx_word' id='word_1_98' title='bbox 540 1197 604 1233; x_wconf 81' lang='lat' dir='ltr'>terra</span> <span class='ocrx_word' id='word_1_99' title='bbox 614 1194 714 1248; x_wconf 76' lang='lat' dir='ltr'>paterna</span> <span class='ocrx_word' id='word_1_100' title='bbox 723 1194 809 1250; x_wconf 81' lang='lat' dir='ltr'>negat.</span> <span class='ocrx_word' id='word_1_101' title='bbox 1005 1220 1006 1239; x_wconf 61' lang='lat'>,</span> 
     </span>
     <span class='ocr_line' id='line_1_14' title="bbox 146 1240 1006 1323; baseline 0.001 -19"><span class='ocrx_word' id='word_1_102' title='bbox 146 1252 181 1317; x_wconf 84' lang='lat'>65</span> <span class='ocrx_word' id='word_1_103' title='bbox 193 1254 230 1305; x_wconf 87' lang='lat' dir='ltr'>Ut</span> <span class='ocrx_word' id='word_1_104' title='bbox 238 1267 292 1304; x_wconf 86' lang='lat' dir='ltr'>rate</span> <span class='ocrx_word' id='word_1_105' title='bbox 303 1255 370 1305; x_wconf 80' lang='lat' dir='ltr'>felici</span> <span class='ocrx_word' id='word_1_106' title='bbox 377 1269 464 1321; x_wconf 77' lang='lat' dir='ltr'>pacata</span> <span class='ocrx_word' id='word_1_107' title='bbox 471 1273 516 1322; x_wconf 89' lang='lat' dir='ltr'>per</span> <span class='ocrx_word' id='word_1_108' title='bbox 525 1272 621 1323; x_wconf 83' lang='lat' dir='ltr'>aequora</span> <span class='ocrx_word' id='word_1_109' title='bbox 630 1257 696 1305; x_wconf 79' lang='lat' dir='ltr'>labar</span> <span class='ocrx_word' id='word_1_110' title='bbox 706 1288 726 1314; x_wconf 34' lang='lat' dir='ltr'>,J</span> <span class='ocrx_word' id='word_1_111' title='bbox 1005 1240 1006 1315; x_wconf 73' lang='lat' dir='ltr'>i</span> 
     </span>
     <span class='ocr_line' id='line_1_15' title="bbox 230 1326 1006 1393; baseline 0.006 -18"><span class='ocrx_word' id='word_1_112' title='bbox 230 1328 364 1393; x_wconf 74' lang='lat' dir='ltr'>Temperet</span> <span class='ocrx_word' id='word_1_113' title='bbox 375 1341 402 1376; x_wconf 88' lang='lat' dir='ltr'>ut</span> <span class='ocrx_word' id='word_1_114' title='bbox 410 1340 499 1379; x_wconf 82' lang='lat' dir='ltr'>ventos</span> <span class='ocrx_word' id='word_1_115' title='bbox 512 1326 615 1386; x_wconf 84' lang='lat' dir='ltr'>AEolus;</span> <span class='ocrx_word' id='word_1_116' title='bbox 627 1328 693 1377; x_wconf 86' lang='lat' dir='ltr'>exsul</span> <span class='ocrx_word' id='word_1_117' title='bbox 704 1345 758 1379; x_wconf 90' lang='lat' dir='ltr'>ero.</span> <span class='ocrx_word' id='word_1_118' title='bbox 1005 1336 1006 1387; x_wconf 68' lang='grc' dir='ltr'><strong>Ῑ</strong></span> 
     </span>
     <span class='ocr_line' id='line_1_16' title="bbox 192 1396 1006 1467; baseline -0.001 -15"><span class='ocrx_word' id='word_1_119' title='bbox 192 1401 252 1452; x_wconf 83' lang='lat' dir='ltr'>Non</span> <span class='ocrx_word' id='word_1_120' title='bbox 263 1417 311 1467; x_wconf 82' lang='lat' dir='ltr'>ego</span> <span class='ocrx_word' id='word_1_121' title='bbox 319 1413 362 1460; x_wconf 88' lang='lat' dir='ltr'>te,</span> <span class='ocrx_word' id='word_1_122' title='bbox 375 1400 469 1459; x_wconf 85' lang='lat' dir='ltr'>Crete,</span> <span class='ocrx_word' id='word_1_123' title='bbox 483 1415 580 1451; x_wconf 89' lang='lat' dir='ltr'>centum</span> <span class='ocrx_word' id='word_1_124' title='bbox 590 1401 677 1467; x_wconf 82' lang='lat' dir='ltr'>digesta</span> <span class='ocrx_word' id='word_1_125' title='bbox 689 1419 732 1467; x_wconf 90' lang='lat' dir='ltr'>per</span> <span class='ocrx_word' id='word_1_126' title='bbox 742 1403 835 1461; x_wconf 79' lang='lat' dir='ltr'>urbes,</span> <span class='ocrx_word' id='word_1_127' title='bbox 1005 1396 1006 1399; x_wconf 28' lang='lat'>¹</span> 
     </span>
     <span class='ocr_line' id='line_1_17' title="bbox 230 1473 724 1541; baseline -0.003 -17"><span class='ocrx_word' id='word_1_128' title='bbox 230 1473 351 1538; x_wconf 77' lang='lat' dir='ltr'>Aspiciam</span> <span class='ocrx_word' id='word_1_129' title='bbox 363 1491 460 1539; x_wconf 82' lang='lat' dir='ltr'>,puero</span> <span class='ocrx_word' id='word_1_130' title='bbox 472 1476 568 1541; x_wconf 78' lang='lat' dir='ltr'>cognita</span> <span class='ocrx_word' id='word_1_131' title='bbox 582 1486 647 1523; x_wconf 88' lang='lat' dir='ltr'>terra</span> <span class='ocrx_word' id='word_1_132' title='bbox 658 1474 724 1526; x_wconf 86' lang='lat' dir='ltr'>Jovi.</span> 
     </span>
     <span class='ocr_line' id='line_1_18' title="bbox 193 1546 1006 1614; baseline 0 -19"><span class='ocrx_word' id='word_1_133' title='bbox 193 1546 258 1595; x_wconf 82' lang='lat' dir='ltr'>Nam</span> <span class='ocrx_word' id='word_1_134' title='bbox 267 1559 356 1611; x_wconf 81' lang='lat' dir='ltr'>pater,</span> <span class='ocrx_word' id='word_1_135' title='bbox 369 1548 395 1598; x_wconf 75' lang='grc' dir='ltr'>δι</span> <span class='ocrx_word' id='word_1_136' title='bbox 405 1546 547 1613; x_wconf 80' lang='lat' dir='ltr'>tellusjusso</span> <span class='ocrx_word' id='word_1_137' title='bbox 555 1559 655 1614; x_wconf 80' lang='lat' dir='ltr'>regnata</span> <span class='ocrx_word' id='word_1_138' title='bbox 664 1546 760 1612; x_wconf 80' lang='lat' dir='ltr'>parenti</span> <span class='ocrx_word' id='word_1_139' title='bbox 770 1579 779 1606; x_wconf 91' lang='lat'>,</span> <span class='ocrx_word' id='word_1_140' title='bbox 1005 1548 1006 1595; x_wconf 73' lang='lat' dir='ltr'>i</span> 
     </span>
     <span class='ocr_line' id='line_1_19' title="bbox 61 1618 745 1686; baseline -0.003 -15"><span class='ocrx_word' id='word_1_141' title='bbox 61 1645 65 1650; x_wconf 63' lang='lat'>¹</span> <span class='ocrx_word' id='word_1_142' title='bbox 148 1635 184 1686; x_wconf 89' lang='lat'>70</span> <span class='ocrx_word' id='word_1_143' title='bbox 231 1618 329 1669; x_wconf 78' lang='lat' dir='ltr'>Prodita</span> <span class='ocrx_word' id='word_1_144' title='bbox 340 1620 394 1669; x_wconf 86' lang='lat' dir='ltr'>sunt</span> <span class='ocrx_word' id='word_1_145' title='bbox 402 1620 480 1678; x_wconf 70' lang='lat' dir='ltr'>fusto,</span> <span class='ocrx_word' id='word_1_146' title='bbox 491 1620 588 1669; x_wconf 84' lang='lat' dir='ltr'>nomina</span> <span class='ocrx_word' id='word_1_147' title='bbox 597 1636 651 1669; x_wconf 82' lang='lat' dir='ltr'>cara</span> <span class='ocrx_word' id='word_1_148' title='bbox 661 1654 668 1678; x_wconf 89' lang='lat'>,</span> <span class='ocrx_word' id='word_1_149' title='bbox 679 1637 745 1670; x_wconf 87' lang='lat' dir='ltr'>meo.</span> 
     </span>
     <span class='ocr_line' id='line_1_20' title="bbox 196 1690 798 1751; baseline -0.001 -9"><span class='ocrx_word' id='word_1_150' title='bbox 196 1690 259 1747; x_wconf 62' lang='lat' dir='ltr'>Cium</span> <span class='ocrx_word' id='word_1_151' title='bbox 268 1692 330 1751; x_wconf 91' lang='lat' dir='ltr'>tibi,</span> <span class='ocrx_word' id='word_1_152' title='bbox 341 1709 372 1743; x_wconf 80' lang='lat' dir='ltr'>rie</span> <span class='ocrx_word' id='word_1_153' title='bbox 381 1694 458 1743; x_wconf 68' lang='lat' dir='ltr'>vidior</span> <span class='ocrx_word' id='word_1_154' title='bbox 467 1693 534 1743; x_wconf 60' lang='lat' dir='ltr'>telio</span> <span class='ocrx_word' id='word_1_155' title='bbox 541 1709 666 1743; x_wconf 81' lang='lat' dir='ltr'>morerere</span> <span class='ocrx_word' id='word_1_156' title='bbox 675 1709 798 1751; x_wconf 86' lang='lat' dir='ltr'>recurvo,</span> 
     </span>
     <span class='ocr_line' id='line_1_21' title="bbox 232 1764 778 1832; baseline 0.002 -18"><span class='ocrx_word' id='word_1_157' title='bbox 232 1764 295 1829; x_wconf 78' lang='lat' dir='ltr'>Quae</span> <span class='ocrx_word' id='word_1_158' title='bbox 305 1779 420 1832; x_wconf 85' lang='lat' dir='ltr'>regerent</span> <span class='ocrx_word' id='word_1_159' title='bbox 428 1766 505 1831; x_wconf 79' lang='lat' dir='ltr'>paffus</span> <span class='ocrx_word' id='word_1_160' title='bbox 516 1799 524 1824; x_wconf 94' lang='lat'>,</span> <span class='ocrx_word' id='word_1_161' title='bbox 535 1783 581 1832; x_wconf 91' lang='lat' dir='ltr'>pro</span> <span class='ocrx_word' id='word_1_162' title='bbox 592 1766 653 1815; x_wconf 88' lang='lat' dir='ltr'>duce</span> <span class='ocrx_word' id='word_1_163' title='bbox 663 1765 703 1815; x_wconf 82' lang='lat' dir='ltr'>fila</span> <span class='ocrx_word' id='word_1_164' title='bbox 712 1766 778 1815; x_wconf 89' lang='lat' dir='ltr'>dedi.</span> 
     </span>
     <span class='ocr_line' id='line_1_22' title="bbox 158 1816 1006 1907; baseline -0.001 -19"><span class='ocrx_word' id='word_1_165' title='bbox 158 1831 162 1842; x_wconf 60' lang='lat'><strong>¹</strong></span> <span class='ocrx_word' id='word_1_166' title='bbox 191 1835 259 1899; x_wconf 77' lang='lat' dir='ltr'>‘Cim</span> <span class='ocrx_word' id='word_1_167' title='bbox 270 1839 328 1887; x_wconf 84' lang='lat' dir='ltr'>mihi</span> <span class='ocrx_word' id='word_1_168' title='bbox 336 1838 508 1899; x_wconf 82' lang='lat' dir='ltr'>dicebas,Per</span> <span class='ocrx_word' id='word_1_169' title='bbox 520 1856 568 1907; x_wconf 82' lang='lat' dir='ltr'>ego</span> <span class='ocrx_word' id='word_1_170' title='bbox 579 1838 627 1903; x_wconf 83' lang='lat' dir='ltr'>ipsa</span> <span class='ocrx_word' id='word_1_171' title='bbox 636 1836 826 1905; x_wconf 81' lang='lat' dir='ltr'>periculajuro,</span> <span class='ocrx_word' id='word_1_172' title='bbox 1005 1816 1006 1881; x_wconf 75' lang='lat' dir='ltr'>i</span> 
     </span>
     <span class='ocr_line' id='line_1_23' title="bbox 232 1906 1006 1977; baseline 0.004 -17"><span class='ocrx_word' id='word_1_173' title='bbox 232 1912 271 1961; x_wconf 85' lang='lat' dir='ltr'>Te</span> <span class='ocrx_word' id='word_1_174' title='bbox 279 1912 420 1970; x_wconf 79' lang='lat' dir='ltr'>iore,dum</span> <span class='ocrx_word' id='word_1_175' title='bbox 428 1911 531 1962; x_wconf 81' lang='lat' dir='ltr'>nostrirm</span> <span class='ocrx_word' id='word_1_176' title='bbox 539 1912 607 1963; x_wconf 77' lang='lat' dir='ltr'>vivet</span> <span class='ocrx_word' id='word_1_177' title='bbox 616 1923 836 1977; x_wconf 77' lang='lat' dir='ltr'>uterque‚meam.</span> <span class='ocrx_word' id='word_1_178' title='bbox 871 1938 878 1947; x_wconf 91' lang='lat'><em>·</em></span> <span class='ocrx_word' id='word_1_179' title='bbox 1005 1906 1006 1963; x_wconf 59' lang='grc' dir='ltr'>ἶ</span> 
     </span>
     <span class='ocr_line' id='line_1_24' title="bbox 148 1980 1006 2077; baseline -0.001 -43"><span class='ocrx_word' id='word_1_180' title='bbox 148 2000 183 2050; x_wconf 89' lang='lat'>75</span> <span class='ocrx_word' id='word_1_181' title='bbox 195 1984 324 2043; x_wconf 78' lang='lat' dir='ltr'>Vivimus,</span> <span class='ocrx_word' id='word_1_182' title='bbox 337 1985 422 2044; x_wconf 77' lang='lat' dir='ltr'>&amp;oon</span> <span class='ocrx_word' id='word_1_183' title='bbox 433 1985 499 2056; x_wconf 80' lang='lat' dir='ltr'>sum,</span> <span class='ocrx_word' id='word_1_184' title='bbox 514 1984 630 2045; x_wconf 81' lang='lat' dir='ltr'>Theseu,</span> <span class='ocrx_word' id='word_1_185' title='bbox 644 1982 702 2035; x_wconf 77' lang='lat' dir='ltr'>tut!</span> <span class='ocrx_word' id='word_1_186' title='bbox 715 1985 736 2033; x_wconf 89' lang='lat' dir='ltr'>si</span> <span class='ocrx_word' id='word_1_187' title='bbox 746 1980 821 2035; x_wconf 72' lang='lat' dir='ltr'>modi)</span> <span class='ocrx_word' id='word_1_188' title='bbox 833 1983 898 2034; x_wconf 86' lang='lat' dir='ltr'>vivit</span> <span class='ocrx_word' id='word_1_189' title='bbox 1005 2022 1006 2077; x_wconf 45' lang='lat' dir='ltr'>p</span> 
     </span>
     <span class='ocr_line' id='line_1_25' title="bbox 232 2056 1006 2124; baseline -0.003 -17"><span class='ocrx_word' id='word_1_190' title='bbox 232 2058 345 2119; x_wconf 74' lang='lat' dir='ltr'>femine,</span> <span class='ocrx_word' id='word_1_191' title='bbox 356 2058 448 2124; x_wconf 85' lang='lat' dir='ltr'>perjuri</span> <span class='ocrx_word' id='word_1_192' title='bbox 461 2058 545 2107; x_wconf 77' lang='lat' dir='ltr'>fraude</span> <span class='ocrx_word' id='word_1_193' title='bbox 555 2058 647 2123; x_wconf 80' lang='lat' dir='ltr'>sepulta</span> <span class='ocrx_word' id='word_1_194' title='bbox 659 2056 714 2107; x_wconf 83' lang='lat' dir='ltr'>viri.</span> <span class='ocrx_word' id='word_1_195' title='bbox 1005 2086 1006 2115; x_wconf 64' lang='lat'>1</span> 
     </span>
     <span class='ocr_line' id='line_1_26' title="bbox 195 2128 997 2198; baseline -0.002 -17"><span class='ocrx_word' id='word_1_196' title='bbox 195 2130 242 2181; x_wconf 87' lang='lat' dir='ltr'>Me</span> <span class='ocrx_word' id='word_1_197' title='bbox 252 2131 419 2198; x_wconf 72' lang='lat' dir='ltr'>quoque,qui</span> <span class='ocrx_word' id='word_1_198' title='bbox 427 2132 543 2189; x_wconf 79' lang='lat' dir='ltr'>fratrem,</span> <span class='ocrx_word' id='word_1_199' title='bbox 554 2128 688 2188; x_wconf 67' lang='lat' dir='ltr'>madiaffes,</span> <span class='ocrx_word' id='word_1_200' title='bbox 700 2130 823 2195; x_wconf 85' lang='lat' dir='ltr'>improbe,</span> <span class='ocrx_word' id='word_1_201' title='bbox 832 2128 917 2187; x_wconf 59' lang='lat' dir='ltr'>clavi}</span> <span class='ocrx_word' id='word_1_202' title='bbox 993 2160 997 2167; x_wconf 89' lang='lat'><em>-</em></span> 
     </span>
     <span class='ocr_line' id='line_1_27' title="bbox 234 2200 892 2270; baseline -0.002 -18"><span class='ocrx_word' id='word_1_203' title='bbox 234 2202 312 2262; x_wconf 79' lang='lat' dir='ltr'>Effer,</span> <span class='ocrx_word' id='word_1_204' title='bbox 324 2221 394 2270; x_wconf 81' lang='lat' dir='ltr'>quam</span> <span class='ocrx_word' id='word_1_205' title='bbox 405 2204 522 2262; x_wconf 78' lang='lat' dir='ltr'>dederas,</span> <span class='ocrx_word' id='word_1_206' title='bbox 532 2216 611 2253; x_wconf 89' lang='lat' dir='ltr'>morte</span> <span class='ocrx_word' id='word_1_207' title='bbox 624 2203 701 2253; x_wconf 83' lang='lat' dir='ltr'>soluta</span> <span class='ocrx_word' id='word_1_208' title='bbox 710 2200 782 2253; x_wconf 82' lang='lat' dir='ltr'>fides.</span> <span class='ocrx_word' id='word_1_209' title='bbox 888 2230 892 2235; x_wconf 95' lang='lat'>·</span> 
     </span>
     <span class='ocr_line' id='line_1_28' title="bbox 196 2268 1006 2342; baseline 0 -17"><span class='ocrx_word' id='word_1_210' title='bbox 196 2276 269 2325; x_wconf 84' lang='lat' dir='ltr'>Nunc</span> <span class='ocrx_word' id='word_1_211' title='bbox 283 2293 331 2342; x_wconf 82' lang='lat' dir='ltr'>ego</span> <span class='ocrx_word' id='word_1_212' title='bbox 340 2293 389 2326; x_wconf 90' lang='lat' dir='ltr'>non</span> <span class='ocrx_word' id='word_1_213' title='bbox 398 2273 505 2334; x_wconf 73' lang='lat' dir='ltr'>tantum,</span> <span class='ocrx_word' id='word_1_214' title='bbox 516 2293 571 2341; x_wconf 81' lang='lat' dir='ltr'>quae</span> <span class='ocrx_word' id='word_1_215' title='bbox 581 2276 631 2327; x_wconf 86' lang='lat' dir='ltr'>sum</span> <span class='ocrx_word' id='word_1_216' title='bbox 638 2274 729 2341; x_wconf 73' lang='lat' dir='ltr'>passura</span> <span class='ocrx_word' id='word_1_217' title='bbox 739 2308 748 2332; x_wconf 94' lang='lat'>,</span> <span class='ocrx_word' id='word_1_218' title='bbox 759 2275 882 2333; x_wconf 87' lang='lat' dir='ltr'>recordor</span> <span class='ocrx_word' id='word_1_219' title='bbox 894 2290 905 2334; x_wconf 68' lang='grc' dir='ltr'><strong>ς</strong></span> <span class='ocrx_word' id='word_1_220' title='bbox 1005 2268 1006 2319; x_wconf 68' lang='lat' dir='ltr'><strong>j</strong></span> 
     </span>
     <span class='ocr_line' id='line_1_29' title="bbox 119 2347 752 2417; baseline -0.003 -17"><span class='ocrx_word' id='word_1_221' title='bbox 119 2407 124 2417; x_wconf 22' lang='lat' dir='ltr'>p</span> <span class='ocrx_word' id='word_1_222' title='bbox 151 2347 186 2400; x_wconf 88' lang='lat'>80</span> <span class='ocrx_word' id='word_1_223' title='bbox 235 2348 283 2398; x_wconf 90' lang='lat' dir='ltr'>Sed</span> <span class='ocrx_word' id='word_1_224' title='bbox 293 2365 449 2415; x_wconf 71' lang='lat' dir='ltr'>quecumque</span> <span class='ocrx_word' id='word_1_225' title='bbox 459 2348 538 2414; x_wconf 86' lang='lat' dir='ltr'>potest</span> <span class='ocrx_word' id='word_1_226' title='bbox 547 2350 595 2397; x_wconf 83' lang='lat' dir='ltr'>uila</span> <span class='ocrx_word' id='word_1_227' title='bbox 604 2348 685 2397; x_wconf 71' lang='lat' dir='ltr'>reliea</span> <span class='ocrx_word' id='word_1_228' title='bbox 694 2349 752 2413; x_wconf 81' lang='lat' dir='ltr'>pati.</span> 
     </span>
     <span class='ocr_line' id='line_1_30' title="bbox 199 2420 738 2487; baseline -0.006 -14"><span class='ocrx_word' id='word_1_229' title='bbox 199 2421 342 2473; x_wconf 81' lang='lat' dir='ltr'>Occurrunt</span> <span class='ocrx_word' id='word_1_230' title='bbox 348 2422 427 2471; x_wconf 84' lang='lat' dir='ltr'>animo</span> <span class='ocrx_word' id='word_1_231' title='bbox 438 2422 557 2487; x_wconf 87' lang='lat' dir='ltr'>pereundi</span> <span class='ocrx_word' id='word_1_232' title='bbox 565 2422 629 2471; x_wconf 78' lang='lat' dir='ltr'>mille</span> <span class='ocrx_word' id='word_1_233' title='bbox 638 2420 720 2487; x_wconf 80' lang='lat' dir='ltr'>figurae</span> <span class='ocrx_word' id='word_1_234' title='bbox 731 2437 738 2470; x_wconf 77' lang='lat' dir='ltr'>t</span> 
     </span>
     <span class='ocr_line' id='line_1_31' title="bbox 235 2493 915 2561; baseline 0 -18"><span class='ocrx_word' id='word_1_235' title='bbox 235 2493 355 2560; x_wconf 84' lang='lat' dir='ltr'>Morsque</span> <span class='ocrx_word' id='word_1_236' title='bbox 365 2496 442 2548; x_wconf 81' lang='lat' dir='ltr'>minus</span> <span class='ocrx_word' id='word_1_237' title='bbox 452 2511 546 2561; x_wconf 84' lang='lat' dir='ltr'>poenae,</span> <span class='ocrx_word' id='word_1_238' title='bbox 557 2498 626 2561; x_wconf 77' lang='lat' dir='ltr'>quim</span> <span class='ocrx_word' id='word_1_239' title='bbox 636 2510 702 2543; x_wconf 85' lang='lat' dir='ltr'>mora</span> <span class='ocrx_word' id='word_1_240' title='bbox 712 2493 815 2551; x_wconf 82' lang='lat' dir='ltr'>mortis,</span> <span class='ocrx_word' id='word_1_241' title='bbox 826 2495 915 2548; x_wconf 80' lang='lat' dir='ltr'>habet.</span> 
     </span>
     <span class='ocr_line' id='line_1_32' title="bbox 199 2562 920 2633; baseline 0.003 -16"><span class='ocrx_word' id='word_1_242' title='bbox 199 2567 252 2621; x_wconf 81' lang='lat' dir='ltr'>Jam</span> <span class='ocrx_word' id='word_1_243' title='bbox 260 2566 308 2631; x_wconf 78' lang='lat' dir='ltr'>jam</span> <span class='ocrx_word' id='word_1_244' title='bbox 318 2580 434 2617; x_wconf 85' lang='lat' dir='ltr'>venturos</span> <span class='ocrx_word' id='word_1_245' title='bbox 445 2580 487 2623; x_wconf 87' lang='lat' dir='ltr'>aut</span> <span class='ocrx_word' id='word_1_246' title='bbox 494 2569 540 2617; x_wconf 86' lang='lat' dir='ltr'>hac</span> <span class='ocrx_word' id='word_1_247' title='bbox 552 2602 560 2627; x_wconf 93' lang='lat'>,</span> <span class='ocrx_word' id='word_1_248' title='bbox 576 2578 617 2617; x_wconf 77' lang='lat' dir='ltr'>aut</span> <span class='ocrx_word' id='word_1_249' title='bbox 626 2566 729 2633; x_wconf 87' lang='lat' dir='ltr'>suspicor</span> <span class='ocrx_word' id='word_1_250' title='bbox 744 2562 819 2626; x_wconf 80' lang='lat' dir='ltr'>sslac,</span> <span class='ocrx_word' id='word_1_251' title='bbox 917 2614 920 2619; x_wconf 94' lang='lat'>.</span> 
     </span>
     <span class='ocr_line' id='line_1_33' title="bbox 237 2639 764 2704; baseline -0.002 -14"><span class='ocrx_word' id='word_1_252' title='bbox 237 2639 287 2703; x_wconf 87' lang='lat' dir='ltr'>Qui</span> <span class='ocrx_word' id='word_1_253' title='bbox 298 2641 389 2701; x_wconf 74' lang='lat' dir='ltr'>lanient</span> <span class='ocrx_word' id='word_1_254' title='bbox 397 2640 468 2690; x_wconf 80' lang='lat' dir='ltr'>auido</span> <span class='ocrx_word' id='word_1_255' title='bbox 481 2640 572 2690; x_wconf 83' lang='lat' dir='ltr'>viscera</span> <span class='ocrx_word' id='word_1_256' title='bbox 582 2640 670 2697; x_wconf 86' lang='lat' dir='ltr'>dente,</span> <span class='ocrx_word' id='word_1_257' title='bbox 683 2640 764 2704; x_wconf 82' lang='lat' dir='ltr'>lupos.</span> 
     </span>
     <span class='ocr_line' id='line_1_34' title="bbox 152 2713 727 2779; baseline -0.012 -12"><span class='ocrx_word' id='word_1_258' title='bbox 152 2715 167 2767; x_wconf 86' lang='lat'>8</span> <span class='ocrx_word' id='word_1_259' title='bbox 173 2731 185 2779; x_wconf 90' lang='lat'><em>5</em></span> <span class='ocrx_word' id='word_1_260' title='bbox 199 2714 310 2767; x_wconf 80' lang='lat' dir='ltr'>forsitan</span> <span class='ocrx_word' id='word_1_261' title='bbox 319 2714 343 2763; x_wconf 87' lang='lat'>&amp;</span> <span class='ocrx_word' id='word_1_262' title='bbox 354 2714 433 2763; x_wconf 84' lang='lat' dir='ltr'>fulvos</span> <span class='ocrx_word' id='word_1_263' title='bbox 442 2715 515 2763; x_wconf 81' lang='lat' dir='ltr'>tellus</span> <span class='ocrx_word' id='word_1_264' title='bbox 526 2715 574 2765; x_wconf 77' lang='lat' dir='ltr'>alat</span> <span class='ocrx_word' id='word_1_265' title='bbox 583 2713 625 2769; x_wconf 74' lang='lat' dir='ltr'>ista¹</span> <span class='ocrx_word' id='word_1_266' title='bbox 633 2714 727 2761; x_wconf 88' lang='lat' dir='ltr'>leones.</span> 
     </span>
     <span class='ocr_line' id='line_1_35' title="bbox 237 2784 851 2852; baseline 0.003 -17"><span class='ocrx_word' id='word_1_267' title='bbox 237 2785 299 2850; x_wconf 87' lang='lat' dir='ltr'>Quis</span> <span class='ocrx_word' id='word_1_268' title='bbox 310 2786 365 2843; x_wconf 87' lang='lat' dir='ltr'>scit,</span> <span class='ocrx_word' id='word_1_269' title='bbox 382 2803 411 2834; x_wconf 83' lang='lat' dir='ltr'>an</span> <span class='ocrx_word' id='word_1_270' title='bbox 419 2786 472 2835; x_wconf 82' lang='lat' dir='ltr'>haec</span> <span class='ocrx_word' id='word_1_271' title='bbox 482 2786 555 2835; x_wconf 82' lang='lat' dir='ltr'>saevas</span> <span class='ocrx_word' id='word_1_272' title='bbox 564 2786 661 2852; x_wconf 82' lang='lat' dir='ltr'>tigridas</span> <span class='ocrx_word' id='word_1_273' title='bbox 672 2784 746 2835; x_wconf 82' lang='lat' dir='ltr'>insula</span> <span class='ocrx_word' id='word_1_274' title='bbox 754 2784 851 2837; x_wconf 78' lang='lat' dir='ltr'>hebeti</span> 
     </span>
     <span class='ocr_line' id='line_1_36' title="bbox 199 2859 782 2925; baseline -0.007 -14"><span class='ocrx_word' id='word_1_275' title='bbox 199 2860 231 2911; x_wconf 84' lang='lat' dir='ltr'>Et</span> <span class='ocrx_word' id='word_1_276' title='bbox 239 2861 302 2909; x_wconf 81' lang='lat' dir='ltr'>freta</span> <span class='ocrx_word' id='word_1_277' title='bbox 311 2860 421 2909; x_wconf 87' lang='lat' dir='ltr'>dicuntur</span> <span class='ocrx_word' id='word_1_278' title='bbox 430 2875 527 2925; x_wconf 81' lang='lat' dir='ltr'>magnas</span> <span class='ocrx_word' id='word_1_279' title='bbox 538 2859 660 2923; x_wconf 83' lang='lat' dir='ltr'>expellere</span> <span class='ocrx_word' id='word_1_280' title='bbox 674 2859 782 2921; x_wconf 76' lang='lat' dir='ltr'>phocas:</span> 
     </span>
    </p>
   </div>
   <div class='ocr_carea' id='block_1_3' title="bbox 238 2930 828 3008">
    <p class='ocr_par' dir='ltr' id='par_1_3' title="bbox 238 2930 828 3008">
     <span class='ocr_line' id='line_1_37' title="bbox 238 2930 828 3008; baseline 0.002 -22"><span class='ocrx_word' id='word_1_281' title='bbox 238 2930 305 2999; x_wconf 83' lang='lat' dir='ltr'>Quid</span> <span class='ocrx_word' id='word_1_282' title='bbox 314 2944 381 2985; x_wconf 81' lang='lat' dir='ltr'>vetat</span> <span class='ocrx_word' id='word_1_283' title='bbox 391 2932 417 2991; x_wconf 71' lang='grc' dir='ltr'>ὃς</span> <span class='ocrx_word' id='word_1_284' title='bbox 427 2932 519 3008; x_wconf 77' lang='lat' dir='ltr'>gladios</span> <span class='ocrx_word' id='word_1_285' title='bbox 531 2962 539 2992; x_wconf 88' lang='lat'><strong>‚</strong></span> <span class='ocrx_word' id='word_1_286' title='bbox 552 2948 595 3007; x_wconf 85' lang='lat' dir='ltr'>per</span> <span class='ocrx_word' id='word_1_287' title='bbox 604 2932 668 2987; x_wconf 74' lang='lat' dir='ltr'>latur</span> <span class='ocrx_word' id='word_1_288' title='bbox 676 2931 712 3001; x_wconf 82' lang='lat' dir='ltr'>ire</span> <span class='ocrx_word' id='word_1_289' title='bbox 721 2931 828 2987; x_wconf 74' lang='lat' dir='ltr'>meum?</span> 
     </span>
    </p>
   </div>
   <div class='ocr_carea' id='block_1_4' title="bbox 0 0 1025 3709">
    <p class='ocr_par' dir='ltr' id='par_1_4' title="bbox 0 0 1025 3709">
     <span class='ocr_line' id='line_1_38' title="bbox 0 0 1025 3709; baseline 0 0"><span class='ocrx_word' id='word_1_290' title='bbox 0 0 1025 3709; x_wconf 95' lang='lat' dir='ltr'> </span> 
     </span>
    </p>
   </div>
  </div>
 </body>
</html>
