<?xml version="1.0" encoding="UTF-8"?>
<!DOCTYPE html PUBLIC "-//W3C//DTD XHTML 1.0 Transitional//EN"
    "http://www.w3.org/TR/xhtml1/DTD/xhtml1-transitional.dtd">
<html xmlns="http://www.w3.org/1999/xhtml" xml:lang="en" lang="en">
 <head>
  <title>
</title>
<meta http-equiv="Content-Type" content="text/html;charset=utf-8" />
  <meta name='ocr-system' content='tesseract 3.04.00' />
  <meta name='ocr-capabilities' content='ocr_page ocr_carea ocr_par ocr_line ocrx_word'/>
</head>
<body>
  <div class='ocr_page' id='page_1' title='image "./povidiinasoniso07ovidgoog_0221.png"; bbox 0 0 2034 3709; ppageno 0'>
   <div class='ocr_carea' id='block_1_1' title="bbox 174 371 1701 827">
    <p class='ocr_par' dir='ltr' id='par_1_1' title="bbox 174 371 1701 827">
     <span class='ocr_line' id='line_1_1' title="bbox 174 371 1701 827; baseline 0 0"><span class='ocrx_word' id='word_1_1' title='bbox 174 371 1701 827; x_wconf 95' lang='lat' dir='ltr'>  </span> <span class='ocrx_word' id='word_1_2' title='bbox 1480 707 1701 827; x_wconf 95' lang='lat' dir='ltr'> </span> 
     </span>
    </p>
   </div>
   <div class='ocr_carea' id='block_1_2' title="bbox 147 861 1520 1627">
    <p class='ocr_par' dir='ltr' id='par_1_2' title="bbox 289 861 1480 1052">
     <span class='ocr_line' id='line_1_2' title="bbox 289 861 1480 1052; baseline 0.002 -39"><span class='ocrx_word' id='word_1_3' title='bbox 289 861 786 1052; x_wconf 77' lang='lat' dir='ltr'>ovum</span> <span class='ocrx_word' id='word_1_4' title='bbox 855 895 1480 1017; x_wconf 77' lang='lat' dir='ltr'><strong>NASONIS</strong></span> 
     </span>
    </p>

    <p class='ocr_par' dir='ltr' id='par_1_3' title="bbox 147 1118 1520 1484">
     <span class='ocr_line' id='line_1_3' title="bbox 388 1118 1263 1199; baseline -0.015 0"><span class='ocrx_word' id='word_1_5' title='bbox 388 1190 396 1199; x_wconf 93' lang='lat'>.</span> <span class='ocrx_word' id='word_1_6' title='bbox 496 1118 730 1195; x_wconf 71' lang='lat' dir='ltr'>‘DE</span> <span class='ocrx_word' id='word_1_7' title='bbox 825 1125 1263 1193; x_wconf 60' lang='lat' dir='ltr'><em>ARTE.</em></span> 
     </span>
     <span class='ocr_line' id='line_1_4' title="bbox 147 1293 1520 1484; baseline -0.001 -41"><span class='ocrx_word' id='word_1_8' title='bbox 147 1317 392 1470; x_wconf 56' lang='grc' dir='ltr'>,Α</span> <span class='ocrx_word' id='word_1_9' title='bbox 483 1323 658 1443; x_wconf 71' lang='grc' dir='ltr'>Μ</span> <span class='ocrx_word' id='word_1_10' title='bbox 744 1323 884 1445; x_wconf 63' lang='grc' dir='ltr'><strong>Α</strong></span> <span class='ocrx_word' id='word_1_11' title='bbox 970 1323 1114 1484; x_wconf 72' lang='lat' dir='ltr'>N</span> <span class='ocrx_word' id='word_1_12' title='bbox 1188 1293 1345 1443; x_wconf 74' lang='lat' dir='ltr'>&#39;D</span> <span class='ocrx_word' id='word_1_13' title='bbox 1442 1328 1520 1442; x_wconf 56' lang='grc' dir='ltr'>Ι</span> 
     </span>
    </p>

    <p class='ocr_par' dir='ltr' id='par_1_4' title="bbox 360 1516 1404 1627">
     <span class='ocr_line' id='line_1_5' title="bbox 360 1516 1404 1627; baseline 0.004 -6"><span class='ocrx_word' id='word_1_14' title='bbox 360 1553 767 1624; x_wconf 82' lang='lat' dir='ltr'><em>LIBER</em></span> <span class='ocrx_word' id='word_1_15' title='bbox 860 1516 1404 1627; x_wconf 78' lang='lat' dir='ltr'><em>PRIMUS.</em></span> 
     </span>
    </p>
   </div>
   <div class='ocr_carea' id='block_1_3' title="bbox 173 1692 1684 3141">
    <p class='ocr_par' dir='ltr' id='par_1_5' title="bbox 173 1692 1684 3141">
     <span class='ocr_line' id='line_1_6' title="bbox 180 1692 1592 1828; baseline -0.003 -17"><span class='ocrx_word' id='word_1_16' title='bbox 180 1692 297 1811; x_wconf 73' lang='lat' dir='ltr'>St</span> <span class='ocrx_word' id='word_1_17' title='bbox 336 1756 438 1825; x_wconf 85' lang='lat' dir='ltr'>quis</span> <span class='ocrx_word' id='word_1_18' title='bbox 473 1757 522 1809; x_wconf 85' lang='lat' dir='ltr'>in</span> <span class='ocrx_word' id='word_1_19' title='bbox 547 1757 646 1810; x_wconf 86' lang='lat' dir='ltr'>hoc</span> <span class='ocrx_word' id='word_1_20' title='bbox 674 1772 826 1814; x_wconf 76' lang='lat' dir='ltr'>artem</span> <span class='ocrx_word' id='word_1_21' title='bbox 856 1756 1041 1827; x_wconf 78' lang='lat' dir='ltr'>populo</span> <span class='ocrx_word' id='word_1_22' title='bbox 1074 1758 1339 1828; x_wconf 31' lang='lat' dir='ltr'>non-novit</span> <span class='ocrx_word' id='word_1_23' title='bbox 1370 1758 1555 1809; x_wconf 80' lang='lat' dir='ltr'>amandi</span> <span class='ocrx_word' id='word_1_24' title='bbox 1577 1794 1592 1819; x_wconf 90' lang='lat'>,</span> 
     </span>
     <span class='ocr_line' id='line_1_7' title="bbox 248 1831 1500 1901; baseline 0.002 -21"><span class='ocrx_word' id='word_1_25' title='bbox 248 1831 337 1880; x_wconf 89' lang='lat' dir='ltr'>Me</span> <span class='ocrx_word' id='word_1_26' title='bbox 374 1834 505 1901; x_wconf 84' lang='lat' dir='ltr'>legat</span> <span class='ocrx_word' id='word_1_27' title='bbox 539 1850 550 1884; x_wconf 92' lang='lat'><strong>:</strong></span> <span class='ocrx_word' id='word_1_28' title='bbox 588 1834 638 1884; x_wconf 80' lang='grc' dir='ltr'>δε</span> <span class='ocrx_word' id='word_1_29' title='bbox 661 1868 676 1892; x_wconf 88' lang='grc'><em>,</em></span> <span class='ocrx_word' id='word_1_30' title='bbox 711 1833 834 1883; x_wconf 78' lang='grc' dir='ltr'>1εέὶο</span> <span class='ocrx_word' id='word_1_31' title='bbox 869 1838 1079 1884; x_wconf 81' lang='lat' dir='ltr'>carmine</span> <span class='ocrx_word' id='word_1_32' title='bbox 1102 1868 1118 1893; x_wconf 91' lang='lat'>‚</span> <span class='ocrx_word' id='word_1_33' title='bbox 1157 1834 1323 1886; x_wconf 63' lang='lat' dir='ltr'>doflus</span> <span class='ocrx_word' id='word_1_34' title='bbox 1354 1846 1500 1882; x_wconf 81' lang='lat' dir='ltr'>amet.</span> 
     </span>
     <span class='ocr_line' id='line_1_8' title="bbox 173 1902 1488 1973; baseline -0.002 -18"><span class='ocrx_word' id='word_1_35' title='bbox 173 1902 299 1955; x_wconf 61' lang='lat' dir='ltr'>Arte</span> <span class='ocrx_word' id='word_1_36' title='bbox 332 1906 441 1956; x_wconf 86' lang='lat' dir='ltr'>citae</span> <span class='ocrx_word' id='word_1_37' title='bbox 477 1908 687 1973; x_wconf 85' lang='lat' dir='ltr'>veloque</span> <span class='ocrx_word' id='word_1_38' title='bbox 721 1922 848 1958; x_wconf 77' lang='lat' dir='ltr'>rates</span> <span class='ocrx_word' id='word_1_39' title='bbox 873 1940 887 1965; x_wconf 87' lang='lat'>,</span> <span class='ocrx_word' id='word_1_40' title='bbox 925 1922 1156 1972; x_wconf 88' lang='lat' dir='ltr'>remoque</span> <span class='ocrx_word' id='word_1_41' title='bbox 1189 1918 1446 1954; x_wconf 84' lang='lat' dir='ltr'>moventur</span> <span class='ocrx_word' id='word_1_42' title='bbox 1471 1920 1488 1954; x_wconf 70' lang='grc' dir='ltr'><strong><em>ι</em></strong></span> 
     </span>
     <span class='ocr_line' id='line_1_9' title="bbox 246 1978 1400 2047; baseline -0.001 -19"><span class='ocrx_word' id='word_1_43' title='bbox 246 1979 371 2040; x_wconf 83' lang='lat' dir='ltr'>Arte</span> <span class='ocrx_word' id='word_1_44' title='bbox 406 1980 541 2029; x_wconf 86' lang='lat' dir='ltr'>leves</span> <span class='ocrx_word' id='word_1_45' title='bbox 573 1996 741 2038; x_wconf 65' lang='lat' dir='ltr'>currus</span> <span class='ocrx_word' id='word_1_46' title='bbox 764 2014 779 2038; x_wconf 89' lang='lat'>‚</span> <span class='ocrx_word' id='word_1_47' title='bbox 817 1991 919 2030; x_wconf 81' lang='lat' dir='ltr'>arte</span> <span class='ocrx_word' id='word_1_48' title='bbox 953 1981 1195 2047; x_wconf 81' lang='lat' dir='ltr'>regendus</span> <span class='ocrx_word' id='word_1_49' title='bbox 1228 1978 1400 2027; x_wconf 83' lang='lat' dir='ltr'>Amor.</span> 
     </span>
     <span class='ocr_line' id='line_1_10' title="bbox 173 2048 1643 2119; baseline -0.001 -18"><span class='ocrx_word' id='word_1_50' title='bbox 173 2050 408 2102; x_wconf 77' lang='lat' dir='ltr'>Curribus</span> <span class='ocrx_word' id='word_1_51' title='bbox 427 2048 743 2102; x_wconf 78' lang='lat' dir='ltr'>Automedon</span> <span class='ocrx_word' id='word_1_52' title='bbox 759 2087 775 2111; x_wconf 88' lang='lat'><strong>,</strong></span> <span class='ocrx_word' id='word_1_53' title='bbox 799 2053 1037 2119; x_wconf 79' lang='lat' dir='ltr'>lentisque</span> <span class='ocrx_word' id='word_1_54' title='bbox 1059 2065 1165 2102; x_wconf 86' lang='lat' dir='ltr'>erat</span> <span class='ocrx_word' id='word_1_55' title='bbox 1184 2064 1323 2118; x_wconf 84' lang='lat' dir='ltr'>aptus</span> <span class='ocrx_word' id='word_1_56' title='bbox 1339 2048 1572 2099; x_wconf 74' lang='lat' dir='ltr'>habenis:</span> <span class='ocrx_word' id='word_1_57' title='bbox 1618 2063 1643 2111; x_wconf 86' lang='lat'><em>5</em></span> 
     </span>
     <span class='ocr_line' id='line_1_11' title="bbox 247 2124 1403 2193; baseline -0.003 -18"><span class='ocrx_word' id='word_1_58' title='bbox 247 2126 437 2193; x_wconf 85' lang='lat' dir='ltr'>Tiphys</span> <span class='ocrx_word' id='word_1_59' title='bbox 466 2126 515 2175; x_wconf 86' lang='lat' dir='ltr'>in</span> <span class='ocrx_word' id='word_1_60' title='bbox 547 2126 799 2175; x_wconf 83' lang='lat' dir='ltr'>Haemonia</span> <span class='ocrx_word' id='word_1_61' title='bbox 834 2143 995 2193; x_wconf 80' lang='lat' dir='ltr'>puppe</span> <span class='ocrx_word' id='word_1_62' title='bbox 1030 2124 1247 2193; x_wconf 81' lang='lat' dir='ltr'>magister</span> <span class='ocrx_word' id='word_1_63' title='bbox 1282 2137 1403 2173; x_wconf 83' lang='lat' dir='ltr'>erat.</span> 
     </span>
     <span class='ocr_line' id='line_1_12' title="bbox 174 2196 1445 2265; baseline -0.002 -16"><span class='ocrx_word' id='word_1_64' title='bbox 174 2200 270 2249; x_wconf 86' lang='lat' dir='ltr'>Me</span> <span class='ocrx_word' id='word_1_65' title='bbox 300 2200 474 2251; x_wconf 83' lang='lat' dir='ltr'>Venus</span> <span class='ocrx_word' id='word_1_66' title='bbox 507 2198 740 2250; x_wconf 83' lang='lat' dir='ltr'>artificem</span> <span class='ocrx_word' id='word_1_67' title='bbox 771 2211 945 2249; x_wconf 88' lang='lat' dir='ltr'>tenero</span> <span class='ocrx_word' id='word_1_68' title='bbox 977 2198 1197 2265; x_wconf 84' lang='lat' dir='ltr'>praefecit</span> <span class='ocrx_word' id='word_1_69' title='bbox 1236 2196 1405 2246; x_wconf 86' lang='lat' dir='ltr'>Amori</span> <span class='ocrx_word' id='word_1_70' title='bbox 1430 2212 1445 2247; x_wconf 72' lang='grc' dir='ltr'><strong>ε</strong></span> 
     </span>
     <span class='ocr_line' id='line_1_13' title="bbox 245 2268 1409 2339; baseline -0.002 -18"><span class='ocrx_word' id='word_1_71' title='bbox 245 2272 436 2339; x_wconf 85' lang='lat' dir='ltr'>Tiphys</span> <span class='ocrx_word' id='word_1_72' title='bbox 468 2272 518 2323; x_wconf 88' lang='lat'>&amp;</span> <span class='ocrx_word' id='word_1_73' title='bbox 551 2268 866 2322; x_wconf 80' lang='lat' dir='ltr'>Automedon</span> <span class='ocrx_word' id='word_1_74' title='bbox 900 2271 1033 2321; x_wconf 83' lang='lat' dir='ltr'>dicar</span> <span class='ocrx_word' id='word_1_75' title='bbox 1068 2271 1260 2320; x_wconf 83' lang='lat' dir='ltr'>Amoris</span> <span class='ocrx_word' id='word_1_76' title='bbox 1295 2288 1409 2338; x_wconf 90' lang='lat' dir='ltr'>ego.</span> 
     </span>
     <span class='ocr_line' id='line_1_14' title="bbox 176 2343 1609 2412; baseline 0 -17"><span class='ocrx_word' id='word_1_77' title='bbox 176 2345 265 2395; x_wconf 89' lang='lat' dir='ltr'>Ille</span> <span class='ocrx_word' id='word_1_78' title='bbox 300 2346 492 2411; x_wconf 87' lang='lat' dir='ltr'>quidem</span> <span class='ocrx_word' id='word_1_79' title='bbox 522 2346 654 2395; x_wconf 80' lang='lat' dir='ltr'>ferus</span> <span class='ocrx_word' id='word_1_80' title='bbox 690 2343 755 2394; x_wconf 84' lang='lat' dir='ltr'>est</span> <span class='ocrx_word' id='word_1_81' title='bbox 780 2377 796 2402; x_wconf 84' lang='lat'>,</span> <span class='ocrx_word' id='word_1_82' title='bbox 830 2344 880 2394; x_wconf 88' lang='lat'>&amp;</span> <span class='ocrx_word' id='word_1_83' title='bbox 914 2345 993 2410; x_wconf 90' lang='lat' dir='ltr'>qui</span> <span class='ocrx_word' id='word_1_84' title='bbox 1027 2345 1140 2394; x_wconf 87' lang='lat' dir='ltr'>mihi</span> <span class='ocrx_word' id='word_1_85' title='bbox 1173 2345 1295 2409; x_wconf 84' lang='lat' dir='ltr'>saepe</span> <span class='ocrx_word' id='word_1_86' title='bbox 1330 2356 1609 2412; x_wconf 63' lang='lat' dir='ltr'>repugnet}</span> 
     </span>
     <span class='ocr_line' id='line_1_15' title="bbox 248 2417 1684 2484; baseline -0.001 -17"><span class='ocrx_word' id='word_1_87' title='bbox 248 2418 345 2467; x_wconf 83' lang='lat' dir='ltr'>sed</span> <span class='ocrx_word' id='word_1_88' title='bbox 382 2435 504 2483; x_wconf 89' lang='lat' dir='ltr'>puer</span> <span class='ocrx_word' id='word_1_89' title='bbox 534 2418 640 2476; x_wconf 82' lang='lat' dir='ltr'>est3</span> <span class='ocrx_word' id='word_1_90' title='bbox 676 2431 792 2467; x_wconf 83' lang='lat' dir='ltr'>aetas</span> <span class='ocrx_word' id='word_1_91' title='bbox 827 2418 985 2467; x_wconf 87' lang='lat' dir='ltr'>mollis</span> <span class='ocrx_word' id='word_1_92' title='bbox 1024 2418 1075 2468; x_wconf 88' lang='lat'>&amp;</span> <span class='ocrx_word' id='word_1_93' title='bbox 1108 2430 1217 2483; x_wconf 81' lang='lat' dir='ltr'>apta</span> <span class='ocrx_word' id='word_1_94' title='bbox 1252 2417 1375 2484; x_wconf 86' lang='lat' dir='ltr'>regi.</span> <span class='ocrx_word' id='word_1_95' title='bbox 1620 2432 1684 2467; x_wconf 83' lang='lat'>10</span> 
     </span>
     <span class='ocr_line' id='line_1_16' title="bbox 179 2488 1467 2559; baseline -0.002 -18"><span class='ocrx_word' id='word_1_96' title='bbox 179 2490 470 2559; x_wconf 83' lang='lat' dir='ltr'>Phillyrides</span> <span class='ocrx_word' id='word_1_97' title='bbox 501 2508 704 2557; x_wconf 85' lang='lat' dir='ltr'>puerum</span> <span class='ocrx_word' id='word_1_98' title='bbox 735 2488 915 2540; x_wconf 69' lang='lat' dir='ltr'>cithar&#39;zi</span> <span class='ocrx_word' id='word_1_99' title='bbox 946 2491 1155 2556; x_wconf 84' lang='lat' dir='ltr'>perfecit</span> <span class='ocrx_word' id='word_1_100' title='bbox 1188 2490 1427 2546; x_wconf 74' lang='lat' dir='ltr'>Achillem</span> <span class='ocrx_word' id='word_1_101' title='bbox 1449 2524 1467 2551; x_wconf 86' lang='lat'>‚</span> 
     </span>
     <span class='ocr_line' id='line_1_17' title="bbox 249 2562 1419 2630; baseline 0.001 -17"><span class='ocrx_word' id='word_1_102' title='bbox 249 2568 411 2630; x_wconf 85' lang='lat' dir='ltr'>Atque</span> <span class='ocrx_word' id='word_1_103' title='bbox 434 2565 634 2613; x_wconf 60' lang='lat' dir='ltr'>animos&#39;</span> <span class='ocrx_word' id='word_1_104' title='bbox 660 2562 847 2629; x_wconf 63' lang='lat' dir='ltr'>placida</span> <span class='ocrx_word' id='word_1_105' title='bbox 875 2564 1098 2613; x_wconf 86' lang='lat' dir='ltr'>contudit</span> <span class='ocrx_word' id='word_1_106' title='bbox 1130 2576 1232 2613; x_wconf 82' lang='lat' dir='ltr'>arte</span> <span class='ocrx_word' id='word_1_107' title='bbox 1269 2564 1419 2614; x_wconf 84' lang='lat' dir='ltr'>feros.</span> 
     </span>
     <span class='ocr_line' id='line_1_18' title="bbox 181 2634 1382 2707; baseline 0 -19"><span class='ocrx_word' id='word_1_108' title='bbox 181 2637 279 2701; x_wconf 73' lang='lat' dir='ltr'>Qui</span> <span class='ocrx_word' id='word_1_109' title='bbox 308 2638 479 2707; x_wconf 69' lang='lat' dir='ltr'>tories.</span> <span class='ocrx_word' id='word_1_110' title='bbox 498 2637 652 2688; x_wconf 87' lang='lat' dir='ltr'>socios</span> <span class='ocrx_word' id='word_1_111' title='bbox 677 2672 692 2695; x_wconf 92' lang='lat'>,</span> <span class='ocrx_word' id='word_1_112' title='bbox 729 2634 878 2687; x_wconf 84' lang='lat' dir='ltr'>toties</span> <span class='ocrx_word' id='word_1_113' title='bbox 916 2636 1152 2687; x_wconf 83' lang='lat' dir='ltr'>exterruit</span> <span class='ocrx_word' id='word_1_114' title='bbox 1181 2636 1338 2688; x_wconf 83' lang='lat' dir='ltr'>hostes</span> <span class='ocrx_word' id='word_1_115' title='bbox 1362 2654 1382 2696; x_wconf 83' lang='lat'>3</span> 
     </span>
     <span class='ocr_line' id='line_1_19' title="bbox 252 2709 1273 2775; baseline 0 -15"><span class='ocrx_word' id='word_1_116' title='bbox 252 2710 480 2760; x_wconf 79' lang='lat' dir='ltr'>Creditur</span> <span class='ocrx_word' id='word_1_117' title='bbox 514 2711 740 2759; x_wconf 78' lang='lat' dir='ltr'>annosum</span> <span class='ocrx_word' id='word_1_118' title='bbox 774 2709 1063 2775; x_wconf 71' lang='lat' dir='ltr'>pertimuisse</span> <span class='ocrx_word' id='word_1_119' title='bbox 1094 2710 1273 2761; x_wconf 87' lang='lat' dir='ltr'>senem.</span> 
     </span>
     <span class='ocr_line' id='line_1_20' title="bbox 181 2772 1684 2851; baseline 0.002 -19"><span class='ocrx_word' id='word_1_120' title='bbox 181 2784 312 2847; x_wconf 85' lang='lat' dir='ltr'>Quas</span> <span class='ocrx_word' id='word_1_121' title='bbox 348 2772 534 2832; x_wconf 66' lang='lat' dir='ltr'>He&#39;fiot</span> <span class='ocrx_word' id='word_1_122' title='bbox 567 2784 785 2833; x_wconf 76' lang='lat' dir='ltr'>sensurus</span> <span class='ocrx_word' id='word_1_123' title='bbox 815 2796 920 2834; x_wconf 86' lang='lat' dir='ltr'>erat</span> <span class='ocrx_word' id='word_1_124' title='bbox 942 2817 956 2842; x_wconf 90' lang='lat'>,</span> <span class='ocrx_word' id='word_1_125' title='bbox 997 2783 1228 2848; x_wconf 87' lang='lat' dir='ltr'>poscente</span> <span class='ocrx_word' id='word_1_126' title='bbox 1262 2780 1481 2851; x_wconf 85' lang='lat' dir='ltr'>magistro</span> <span class='ocrx_word' id='word_1_127' title='bbox 1504 2815 1522 2842; x_wconf 83' lang='lat'><em>,</em></span> <span class='ocrx_word' id='word_1_128' title='bbox 1620 2795 1684 2846; x_wconf 87' lang='lat'>¹5</span> 
     </span>
     <span class='ocr_line' id='line_1_21' title="bbox 249 2856 1285 2922; baseline 0 -15"><span class='ocrx_word' id='word_1_129' title='bbox 249 2856 549 2907; x_wconf 81' lang='lat' dir='ltr'>Verberibus</span> <span class='ocrx_word' id='word_1_130' title='bbox 579 2856 718 2921; x_wconf 79' lang='lat' dir='ltr'>juffas</span> <span class='ocrx_word' id='word_1_131' title='bbox 749 2857 952 2922; x_wconf 82' lang='lat' dir='ltr'>praebuit</span> <span class='ocrx_word' id='word_1_132' title='bbox 984 2856 1067 2906; x_wconf 80' lang='lat' dir='ltr'>ine</span> <span class='ocrx_word' id='word_1_133' title='bbox 1100 2874 1285 2907; x_wconf 85' lang='lat' dir='ltr'>manus.</span> 
     </span>
     <span class='ocr_line' id='line_1_22' title="bbox 182 2927 1483 2996; baseline -0.002 -15"><span class='ocrx_word' id='word_1_134' title='bbox 182 2927 391 2981; x_wconf 79' lang='lat' dir='ltr'>AEacidae</span> <span class='ocrx_word' id='word_1_135' title='bbox 425 2928 612 2979; x_wconf 89' lang='lat' dir='ltr'>Chiron</span> <span class='ocrx_word' id='word_1_136' title='bbox 634 2964 649 2989; x_wconf 90' lang='lat'>‚</span> <span class='ocrx_word' id='word_1_137' title='bbox 690 2946 784 2996; x_wconf 92' lang='lat' dir='ltr'>ego</span> <span class='ocrx_word' id='word_1_138' title='bbox 817 2930 914 2978; x_wconf 86' lang='lat' dir='ltr'>sum</span> <span class='ocrx_word' id='word_1_139' title='bbox 943 2942 1217 2995; x_wconf 81' lang='lat' dir='ltr'>praeceptor</span> <span class='ocrx_word' id='word_1_140' title='bbox 1250 2928 1441 2979; x_wconf 83' lang='lat' dir='ltr'>Amoris</span> <span class='ocrx_word' id='word_1_141' title='bbox 1466 2945 1483 2978; x_wconf 70' lang='grc' dir='ltr'>ε</span> 
     </span>
     <span class='ocr_line' id='line_1_23' title="bbox 252 3000 1510 3071; baseline -0.004 -17"><span class='ocrx_word' id='word_1_142' title='bbox 252 3000 416 3055; x_wconf 79' lang='lat' dir='ltr'>Saevus</span> <span class='ocrx_word' id='word_1_143' title='bbox 445 3013 653 3071; x_wconf 82' lang='lat' dir='ltr'>uterque</span> <span class='ocrx_word' id='word_1_144' title='bbox 684 3019 806 3071; x_wconf 82' lang='lat' dir='ltr'>puer</span> <span class='ocrx_word' id='word_1_145' title='bbox 827 3033 844 3063; x_wconf 83' lang='lat'>‚</span> <span class='ocrx_word' id='word_1_146' title='bbox 879 3014 1017 3053; x_wconf 81' lang='lat' dir='ltr'>natus</span> <span class='ocrx_word' id='word_1_147' title='bbox 1053 3014 1253 3069; x_wconf 87' lang='lat' dir='ltr'>uterque</span> <span class='ocrx_word' id='word_1_148' title='bbox 1288 3002 1418 3053; x_wconf 61' lang='lat' dir='ltr'>Dea.</span> <span class='ocrx_word' id='word_1_149' title='bbox 1504 3011 1510 3020; x_wconf 80' lang='grc'><strong>’</strong></span> 
     </span>
     <span class='ocr_line' id='line_1_24' title="bbox 1403 3072 1503 3141; baseline -0.03 -16"><span class='ocrx_word' id='word_1_150' title='bbox 1403 3074 1425 3125; x_wconf 90' lang='lat'>1</span> <span class='ocrx_word' id='word_1_151' title='bbox 1454 3072 1503 3141; x_wconf 82' lang='lat' dir='ltr'>iij</span> 
     </span>
    </p>
   </div>
   <div class='ocr_carea' id='block_1_4' title="bbox 1984 2 1993 545">
    <p class='ocr_par' dir='ltr' id='par_1_6' title="bbox 1984 2 1993 545">
     <span class='ocr_line' id='line_1_25' title="bbox 1984 2 1993 545; baseline 0 0"><span class='ocrx_word' id='word_1_152' title='bbox 1984 2 1993 545; x_wconf 95' lang='lat' dir='ltr'> </span> 
     </span>
    </p>
   </div>
  </div>
 </body>
</html>
