2034 3709
216 300 266 377 32
314 279 356 348 P.
385 277 570 350 Orrnrr
596 276 819 350 NAsorcrs
898 275 901 280 '

216 400 283 451 Pone
298 400 386 459 Deos,
404 400 432 451 dt
447 416 501 466 quae
517 400 641 467 tangendo
658 398 724 452 iecra
738 402 875 466 profanes:

153 489 205 543 ¹30
252 473 311 523 Non
328 474 393 523 bene
408 473 518 523 coelestes
536 472 606 538 impia
626 473 711 523 dextra
730 474 798 523 colit.

215 546 242 598 si
258 558 287 595 tu
306 549 386 597 cultor
402 562 455 597 eras
472 546 561 611 elapsis
573 546 629 613 igne
646 546 761 606 iuturus,

252 617 359 669 Poenitet
379 619 472 685 elapsos
489 619 583 686 ignibus
600 618 646 669 effe
665 620 746 669 Deos.

216 693 328 744 Forsitan
344 693 371 743 dt
385 693 506 760 gravidam
516 692 602 751 Dido,
615 692 733 743 scelerate
745 724 754 751 ,
768 693 915 762 relinquen

254 766 360 834 Parsque
378 767 415 815 tui
431 768 505 815 latent
525 782 630 831 corpore
650 765 729 815 clausa
747 782 815 817 tneo.

156 846 204 899 135
218 840 330 891 Accedet
344 840 395 889 fato
410 839 492 888 matris
503 838 641 889 nuserabiiis
653 837 730 887 infans
745 854 755 897 ς

255 912 287 962 Et
295 913 400 963 nondum
415 925 474 962 nato
484 911 576 961 funeris
588 911 670 961 audior
680 912 738 961 eris.

220 985 330 1051 Cumque
346 998 447 1053 parente
463 984 504 1034 sua
517 986 593 1035 frater
608 985 725 1035 morietur
737 983 782 1036 lidi
794 1001 805 1044 ς

256 1057 379 1125 Poenaque
391 1073 515 1108 connexos
533 1058 629 1108 auferet
647 1075 695 1109 una
713 1059 785 1109 duos.

221 1132 271 1183 Sed
287 1131 356 1197 jubet
373 1132 410 1183 ire
428 1132 498 1181 Deus
514 1148 521 1183 z
539 1132 629 1181 vellem
644 1131 756 1181 vetuiffet
771 1130 862 1191 adire,

156 1216 210 1265 140
258 1204 347 1255 Punica
362 1222 409 1255 nec
423 1205 527 1255 Teucris
542 1203 617 1270 pressa
635 1204 715 1255 iuiffet
727 1205 823 1254 humus.

220 1279 279 1331 Hoc
295 1280 374 1337 duce,
389 1295 477 1344 nempe
493 1279 570 1337 Deo,
586 1278 666 1327 ventis
680 1278 776 1345 rgiteris
789 1274 901 1343 iniquis,

259 1351 291 1402 Et
305 1353 364 1401 teris
377 1352 401 1401 in
422 1352 506 1417 rapido
522 1364 633 1417 tempora
649 1352 722 1418 longe
736 1350 813 1401 freto.

222 1423 337 1491 Pergama
353 1426 395 1474 vix
411 1435 481 1474 tanto
496 1425 540 1474 tibi
557 1438 625 1475 erent
641 1423 774 1489 repetenda
788 1424 876 1475 labore
892 1456 900 1483 ,

258 1496 365 1547 Hedore
384 1497 404 1548 si
417 1498 495 1556 vivo,
512 1510 600 1563 quanta
617 1497 702 1556 fuere,
715 1496 807 1547 forent.

65 1602 69 1606 ‚
159 1582 208 1632 145
222 1571 281 1621 Non
293 1570 396 1637 petrium
414 1571 537 1621 Simoenta
552 1570 636 1635 petis3
656 1570 697 1619 sed
714 1570 831 1636 Tybridis
848 1568 937 1620 undas.

258 1645 371 1709 Nempe,
382 1656 411 1694 ut
424 1644 554 1709 pervenias
569 1640 618 1709 qud
633 1644 720 1709 cupis,
733 1643 821 1707 hospes
840 1644 901 1693 eris.

224 1717 308 1783 thue
326 1718 404 1775 latet,
420 1717 529 1782 vitatque
544 1728 599 1767 tues
614 1715 715 1767 abstrusa
727 1716 842 1773 carina,

259 1790 310 1842 Vix
323 1790 367 1840 tibi
385 1791 511 1857 continget
524 1800 589 1839 terra
603 1788 679 1855 petita
693 1789 752 1842 seni.
861 1826 863 1829 -

215 1862 278 1915 idos
291 1864 371 1929 potius
385 1865 490 1930 populos
504 1862 529 1912 in
546 1864 645 1922 dorem,
660 1864 760 1931 ambage
777 1860 894 1922 remissa,
937 1860 946 1873 ‘

161 1936 213 1989 ¹5⁰
260 1936 372 2002 Accipe,
392 1937 420 1987 ἃ
434 1936 546 1986 advectas
556 1935 717 2005 Pygmalionis
734 1935 804 2003 opes'.

223 2009 288 2061 Ilion
305 2012 331 2061 in
345 2011 446 2078 Tyriam
462 2010 569 2059 transfer
585 2010 679 2061 felicius
697 2011 781 2061 urbem
797 2024 805 2060 t

260 2083 380 2150 Hancque
390 2117 399 2143 ,
410 2085 491 2133 locum
506 2083 592 2150 regni,
604 2081 746 2150 sceptraque
763 2083 847 2142 sacra,
866 2093 937 2135 tene·

224 2156 250 2207 Si
263 2155 307 2205 tibi
319 2173 388 2207 mens
403 2157 472 2206 avida
487 2155 522 2205 est
540 2156 616 2214 beili,
635 2156 656 2206 si
674 2154 758 2222 quaerit
769 2156 853 2215 liiius,

261 2228 334 2279 Unde
352 2229 496 2294 suppactus
514 2227 596 2279 Marte
614 2228 750 2303 triumphus
762 2240 803 2279 eat
822 2246 830 2288 ς

162 2301 212 2353 ¹55
225 2300 306 2367 Quem
323 2300 437 2366 superer,
449 2318 481 2350 ne
497 2302 554 2367 quid
568 2300 648 2360 desit,
660 2301 820 2367 praebebimus
832 2300 937 2353 hostem.

261 2372 310 2423 Hic
325 2374 392 2439 pacis
403 2375 471 2442 leges
483 2406 497 2430 .‚
516 2374 555 2423 hic
572 2374 641 2425 locus
660 2390 725 2425 arma
740 2374 816 2441 capit.

224 2445 267 2499 Tu
279 2445 371 2506 modo,
389 2464 435 2514 per
447 2448 565 2506 matrem,
582 2447 735 2515 fraternaque
744 2451 795 2499 tela
806 2482 813 2508 ,
825 2448 937 2515 sagittas,

261 2518 358 2586 Perque
373 2521 437 2589 iuge
454 2521 574 2578 comites,
593 2521 706 2573 Dardana
724 2521 806 2580 sacra,
825 2522 896 2571 Deos
916 2538 924 2571 ε

227 2593 238 2660 (
248 2594 288 2645 Sic
303 2593 415 2659 superent
425 2626 433 2653 ,
443 2610 607 2659 quoscumque
616 2593 657 2644 tud
667 2594 782 2661 degente
791 2608 902 2659 reportas
913 2628 921 2655 ,

164 2660 214 2712 160
262 2665 330 2716 Mars
348 2666 415 2717 ferus
435 2666 461 2716 δι
477 2666 567 2715 damnis
583 2667 616 2716 sit
632 2668 717 2718 modus
734 2669 775 2724 iiie
794 2668 863 2727 ruis,

225 2739 390 2804 Ascaniusque
408 2739 463 2789 suos
480 2740 586 2790 feliciter
603 2741 701 2805 impleat
717 2758 794 2791 annos
812 2774 820 2799 ,

263 2813 295 2862 Et
311 2812 373 2861 senis
391 2811 502 2864 Anchise
518 2814 624 2863 molliter
634 2812 681 2863 oiia
697 2814 809 2880 cubent)

226 2884 302 2937 Parce
319 2902 412 2951 precor
425 2886 524 2944 domui,
539 2903 593 2951 quae
604 2886 628 2935 se
639 2886 682 2935 tibi
693 2888 765 2936 trudit
773 2886 917 2937 habendam.

265 2958 338 3024 Quod
359 2959 449 3011 crimen
465 2959 542 3019 dicis,
562 2970 650 3028 preter
667 2958 772 3021 amatre,
789 2976 871 3013 meum
886 2957 920 3007 i.
